@inproceedings{palomba2015landfill,
  title={Landfill: An open dataset of code smells with public evaluation},
  author={Palomba, Fabio and Nucci, Dario Di and Tufano, Michele and Bavota, Gabriele and Oliveto, Rocco and Poshyvanyk, Denys and De Lucia, Andrea},
  booktitle={Proceedings of the 12th Working Conference on Mining Software Repositories},
  pages={482--485},
  year={2015},
  organization={IEEE Press}
}

@inproceedings{sales2013recommending,
  title={Recommending move method refactorings using dependency sets},
  author={Sales, Vitor and Terra, Ricardo and Miranda, Luis Fernando and Valente, Marco Tulio},
  booktitle={Reverse Engineering (WCRE), 2013 20th Working Conference on},
  pages={232--241},
  year={2013},
  organization={IEEE}
}

@inproceedings{liu2018deep,
  title={Deep learning based feature envy detection},
  author={Liu, Hui and Xu, Zhifeng and Zou, Yanzhen},
  booktitle={Proceedings of the 33rd ACM/IEEE International Conference on Automated Software Engineering},
  pages={385--396},
  year={2018},
  organization={ACM}
}

@inproceedings{moghadam2012automated,
  title={Automated refactoring using design differencing},
  author={Moghadam, Iman Hemati and Cinneide, Mel O},
  booktitle={Software maintenance and reengineering (CSMR), 2012 16th European conference on},
  pages={43--52},
  year={2012},
  organization={IEEE}
}

@article{tsantalis2009identification,
  title={Identification of move method refactoring opportunities},
  author={Tsantalis, Nikolaos and Chatzigeorgiou, Alexander},
  journal={IEEE Transactions on Software Engineering},
  volume={35},
  number={3},
  pages={347--367},
  year={2009},
  publisher={IEEE}
}

@article{kreimer2005adaptive,
  title={Adaptive detection of design flaws},
  author={Kreimer, Jochen},
  journal={Electronic Notes in Theoretical Computer Science},
  volume={141},
  number={4},
  pages={117--136},
  year={2005},
  publisher={Elsevier}
}

@inproceedings{amorim2015experience,
  title={Experience report: Evaluating the effectiveness of decision trees for detecting code smells},
  author={Amorim, Lucas and Costa, Evandro and Antunes, Nuno and Fonseca, Baldoino and Ribeiro, Marcio},
  booktitle={Software Reliability Engineering (ISSRE), 2015 IEEE 26th International Symposium on},
  pages={261--269},
  year={2015},
  organization={IEEE}
}

@inproceedings{vaucher2009tracking,
  title={Tracking design smells: Lessons from a study of god classes},
  author={Vaucher, Stephane and Khomh, Foutse and Moha, Naouel and Gu{\'e}h{\'e}neuc, Yann-Ga{\"e}l},
  booktitle={Reverse Engineering, 2009. WCRE'09. 16th Working Conference on},
  pages={145--154},
  year={2009},
  organization={IEEE}
}

@inproceedings{khomh2009bayesian,
  title={A bayesian approach for the detection of code and design smells},
  author={Khomh, Foutse and Vaucher, St{\'e}phane and Gu{\'e}h{\'e}neuc, Yann-Ga{\"e}l and Sahraoui, Houari},
  booktitle={Quality Software, 2009. QSIC'09. 9th International Conference on},
  pages={305--314},
  year={2009},
  organization={IEEE}
}

@article{khomh2011bdtex,
  title={BDTEX: A GQM-based Bayesian approach for the detection of antipatterns},
  author={Khomh, Foutse and Vaucher, Stephane and Gu{\'e}h{\'e}neuc, Yann-Ga{\"e}l and Sahraoui, Houari},
  journal={Journal of Systems and Software},
  volume={84},
  number={4},
  pages={559--572},
  year={2011},
  publisher={Elsevier}
}

@inproceedings{maiga2012smurf,
  title={SMURF: A SVM-based incremental anti-pattern detection approach},
  author={Maiga, Abdou and Ali, Nasir and Bhattacharya, Neelesh and Sabane, Aminata and Gueheneuc, Yann-Gael and Aimeur, Esma},
  booktitle={Reverse engineering (WCRE), 2012 19th working conference on},
  pages={466--475},
  year={2012},
  organization={IEEE}
}

@inproceedings{maiga2012support,
  title={Support vector machines for anti-pattern detection},
  author={Maiga, Abdou and Ali, Nasir and Bhattacharya, Neelesh and Saban{\'e}, Aminata and Gu{\'e}h{\'e}neuc, Yann-Ga{\"e}l and Antoniol, Giuliano and A{\"\i}meur, Esma},
  booktitle={Automated Software Engineering (ASE), 2012 Proceedings of the 27th IEEE/ACM International Conference on},
  pages={278--281},
  year={2012},
  organization={IEEE}
}

@article{fontana2016comparing,
  title={Comparing and experimenting machine learning techniques for code smell detection},
  author={Fontana, Francesca Arcelli and M{\"a}ntyl{\"a}, Mika V and Zanoni, Marco and Marino, Alessandro},
  journal={Empirical Software Engineering},
  volume={21},
  number={3},
  pages={1143--1191},
  year={2016},
  publisher={Springer}
}

@inproceedings{tempero2010qualitas,
  title={The Qualitas Corpus: A curated collection of Java code for empirical studies},
  author={Tempero, Ewan and Anslow, Craig and Dietrich, Jens and Han, Ted and Li, Jing and Lumpe, Markus and Melton, Hayden and Noble, James},
  booktitle={Software Engineering Conference (APSEC), 2010 17th Asia Pacific},
  pages={336--345},
  year={2010},
  organization={IEEE}
}

@inproceedings{di2018detecting,
  title={Detecting code smells using machine learning techniques: are we there yet?},
  author={Di Nucci, Dario and Palomba, Fabio and Tamburri, Damian A and Serebrenik, Alexander and De Lucia, Andrea},
  booktitle={2018 IEEE 25th International Conference on Software Analysis, Evolution and Reengineering (SANER)},
  pages={612--621},
  year={2018},
  organization={IEEE}
}

@inproceedings{marinescu2004detection,
  title={Detection strategies: Metrics-based rules for detecting design flaws},
  author={Marinescu, Radu},
  booktitle={Software Maintenance, 2004. Proceedings. 20th IEEE International Conference on},
  pages={350--359},
  year={2004},
  organization={IEEE}
}

@book{lanza2007object,
  title={Object-oriented metrics in practice: using software metrics to characterize, evaluate, and improve the design of object-oriented systems},
  author={Lanza, Michele and Marinescu, Radu},
  year={2007},
  publisher={Springer Science \& Business Media}
}

@inproceedings{marinescu2010incode,
  title={Incode: Continuous quality assessment and improvement},
  author={Marinescu, Radu and Ganea, George and Verebi, Ioana},
  booktitle={Software Maintenance and Reengineering (CSMR), 2010 14th European Conference on},
  pages={274--275},
  year={2010},
  organization={IEEE}
}

@article{Moha10-TSE-DECOR,
 title = {DECOR: A Method for the Specification and Detection of Code and Design Smells},
 author = {Naouel Moha and Yann{-}Ga{\"{e}}l Gu{\'{e}}h{\'{e}}neuc and Duchien Laurence and Le Meur Anne-Franccoise},
 year = {2010},
 journal = {IEEE Transactions on Software Engineering (TSE)},
 volume = {36},
 number = {1},
 pages = {20--36}
}

@inproceedings{PalombaBPOLP13,

  author = {Palomba, Fabio and Bavota, Gabriele and Penta, Massimiliano Di and Oliveto, Rocco and Lucia, Andrea De and Poshyvanyk, Denys},

  booktitle = {ASE},
  pages = {268-278},
  title = {Detecting bad smells in source code using change history information.},

  year = 2013
}

@article{Palomba15,

 year = {2015},
 author = {F. Palomba and G. Bavota and M. Di Penta and R. Oliverto and D. Poshyvanyk and A. De Lucia},
 title = {Mining Version Histories for Detecting Code Smells},
 journal = {IEEE Transactions on Software Engineering},
 volume = {41},
 pages = {462-489},
 number = {5},
}

@article{fokaefs2012identification,
  title={Identification and application of extract class refactorings in object-oriented systems},
  author={Fokaefs, Marios and Tsantalis, Nikolaos and Stroulia, Eleni and Chatzigeorgiou, Alexander},
  journal={Journal of Systems and Software},
  volume={85},
  number={10},
  pages={2241--2260},
  year={2012},
  publisher={Elsevier}
}

@inproceedings{fokaefs2011jdeodorant,
  title={JDeodorant: identification and application of extract class refactorings},
  author={Fokaefs, Marios and Tsantalis, Nikolaos and Stroulia, Eleni and Chatzigeorgiou, Alexander},
  booktitle={Software Engineering (ICSE), 2011 33rd International Conference on},
  pages={1037--1039},
  year={2011},
  organization={IEEE}
}

@inproceedings{fokaefs2007jdeodorant,
  title={Jdeodorant: Identification and removal of feature envy bad smells},
  author={Fokaefs, Marios and Tsantalis, Nikolaos and Chatzigeorgiou, Alexander},
  booktitle={Software Maintenance, 2007. ICSM 2007. IEEE International Conference on},
  pages={519--520},
  year={2007},
  organization={IEEE}
}

@book{witten2016data,
  title={Data Mining: Practical machine learning tools and techniques},
  author={Witten, Ian H and Frank, Eibe and Hall, Mark A and Pal, Christopher J},
  year={2016},
  publisher={Morgan Kaufmann}
}

@inproceedings{dietterich2000ensemble,
  title={Ensemble methods in machine learning},
  author={Dietterich, Thomas G},
  booktitle={International workshop on multiple classifier systems},
  pages={1--15},
  year={2000},
  organization={Springer}
}

@inproceedings{jansche2005maximum,
  title={Maximum expected F-measure training of logistic regression models},
  author={Jansche, Martin},
  booktitle={Proceedings of the conference on Human Language Technology and Empirical Methods in Natural Language Processing},
  pages={692--699},
  year={2005},
  organization={Association for Computational Linguistics}
}

@article{he2008learning,
  title={Learning from imbalanced data},
  author={He, Haibo and Garcia, Edwardo A},
  journal={IEEE Transactions on Knowledge \& Data Engineering},
  number={9},
  pages={1263--1284},
  year={2008},
  publisher={Ieee}
}

@article{palomba2018diffuseness,
  title={On the diffuseness and the impact on maintainability of code smells: a large scale empirical investigation},
  author={Palomba, Fabio and Bavota, Gabriele and Di Penta, Massimiliano and Fasano, Fausto and Oliveto, Rocco and De Lucia, Andrea},
  journal={Empirical Software Engineering},
  volume={23},
  number={3},
  pages={1188--1221},
  year={2018},
  publisher={Springer}
}

@article{powers2011evaluation,
  title={Evaluation: from precision, recall and F-measure to ROC, informedness, markedness and correlation},
  author={Powers, David Martin},
  year={2011},
  publisher={Bioinfo Publications}
}

@article{matthews1975comparison,
  title={Comparison of the predicted and observed secondary structure of T4 phage lysozyme},
  author={Matthews, Brian W},
  journal={Biochimica et Biophysica Acta (BBA)-Protein Structure},
  volume={405},
  number={2},
  pages={442--451},
  year={1975},
  publisher={Elsevier}
}

@article{srivastava2014dropout,
  title={Dropout: a simple way to prevent neural networks from overfitting},
  author={Srivastava, Nitish and Hinton, Geoffrey and Krizhevsky, Alex and Sutskever, Ilya and Salakhutdinov, Ruslan},
  journal={The Journal of Machine Learning Research},
  volume={15},
  number={1},
  pages={1929--1958},
  year={2014},
  publisher={JMLR. org}
}

@article{briand1998unified,
  title={A unified framework for cohesion measurement in object-oriented systems},
  author={Briand, Lionel C and Daly, John W and W{\"u}st, J{\"u}rgen},
  journal={Empirical Software Engineering},
  volume={3},
  number={1},
  pages={65--117},
  year={1998},
  publisher={Springer}
}

@book{Fowler1999,
  added-at = {2007-09-26T23:42:13.000+0200},
  address = {Boston, MA, USA},
  author = {Fowler, Martin},
  biburl = {http://www.bibsonomy.org/bibtex/27151885e8b8528651e048242f3527132/kimmens},
  description = {AOEvolutionchapter short paper},
  interhash = {955b704413985c65e6a0ba497d70b00e},
  intrahash = {7151885e8b8528651e048242f3527132},
  isbn = {0-201-48567-2},
  keywords = {evolution refactoring software},
  publisher = {Addison-Wesley},
  timestamp = {2007-09-26T23:42:13.000+0200},
  title = {Refactoring: Improving the Design of Existing Code},
  year = 1999
}

@inproceedings{abbes2011empirical,
  title={An empirical study of the impact of two antipatterns, blob and spaghetti code, on program comprehension},
  author={Abbes, Marwen and Khomh, Foutse and Gueheneuc, Yann-Gael and Antoniol, Giuliano},
  booktitle={Software maintenance and reengineering (CSMR), 2011 15th European conference on},
  pages={181--190},
  year={2011},
  organization={IEEE}
}

@article{khomh2012exploratory,
  title={An exploratory study of the impact of antipatterns on class change-and fault-proneness},
  author={Khomh, Foutse and Di Penta, Massimiliano and Gu{\'e}h{\'e}neuc, Yann-Ga{\"e}l and Antoniol, Giuliano},
  journal={Empirical Software Engineering},
  volume={17},
  number={3},
  pages={243--275},
  year={2012},
  publisher={Springer}
}

@inproceedings{yamashita2013exploring,
  title={Exploring the impact of inter-smell relations on software maintainability: An empirical study},
  author={Yamashita, Aiko and Moonen, Leon},
  booktitle={Proceedings of the 2013 International Conference on Software Engineering},
  pages={682--691},
  year={2013},
  organization={IEEE Press}
}

@article{fontana2012automatic,
  title={Automatic detection of bad smells in code: An experimental assessment.},
  author={Fontana, Francesca Arcelli and Braione, Pietro and Zanoni, Marco},
  journal={Journal of Object Technology},
  volume={11},
  number={2},
  pages={5--1},
  year={2012}
}

@inproceedings{krizhevsky2012imagenet,
  title={Imagenet classification with deep convolutional neural networks},
  author={Krizhevsky, Alex and Sutskever, Ilya and Hinton, Geoffrey E},
  booktitle={Advances in neural information processing systems},
  pages={1097--1105},
  year={2012}
}

@inproceedings{graves2013speech,
  title={Speech recognition with deep recurrent neural networks},
  author={Graves, Alex and Mohamed, Abdel-rahman and Hinton, Geoffrey},
  booktitle={Acoustics, speech and signal processing (icassp), 2013 ieee international conference on},
  pages={6645--6649},
  year={2013},
  organization={IEEE}
}

@article{bergstra2012random,
  title={Random search for hyper-parameter optimization},
  author={Bergstra, James and Bengio, Yoshua},
  journal={Journal of Machine Learning Research},
  volume={13},
  number={Feb},
  pages={281--305},
  year={2012}
}

@inproceedings{gueheneuc2005ptidej,
  title={Ptidej: Promoting patterns with patterns},
  author={Gu{\'e}h{\'e}neuc, Yann-Ga{\"e}l},
  booktitle={Proceedings of the 1st ECOOP workshop on Building a System using Patterns. Springer-Verlag},
  year={2005}
}

@article{simonyan2014very,
  title={Very deep convolutional networks for large-scale image recognition},
  author={Simonyan, Karen and Zisserman, Andrew},
  journal={arXiv preprint arXiv:1409.1556},
  year={2014}
}

@inproceedings{szegedy2015going,
  title={Going deeper with convolutions},
  author={Szegedy, Christian and Liu, Wei and Jia, Yangqing and Sermanet, Pierre and Reed, Scott and Anguelov, Dragomir and Erhan, Dumitru and Vanhoucke, Vincent and Rabinovich, Andrew},
  booktitle={Proceedings of the IEEE conference on computer vision and pattern recognition},
  pages={1--9},
  year={2015}
}

@article{di2017dynamic,
  title={Dynamic selection of classifiers in bug prediction: An adaptive method},
  author={Di Nucci, Dario and Palomba, Fabio and Oliveto, Rocco and De Lucia, Andrea},
  journal={IEEE Transactions on Emerging Topics in Computational Intelligence},
  volume={1},
  number={3},
  pages={202--212},
  year={2017},
  publisher={IEEE}
}

@article{liu2010evolutionary,
  title={Evolutionary optimization of software quality modeling with multiple repositories},
  author={Liu, Yi and Khoshgoftaar, Taghi M and Seliya, Naeem},
  journal={IEEE Transactions on Software Engineering},
  volume={36},
  number={6},
  pages={852--864},
  year={2010},
  publisher={IEEE}
}

@article{rokach2010ensemble,
  title={Ensemble-based classifiers},
  author={Rokach, Lior},
  journal={Artificial Intelligence Review},
  volume={33},
  number={1-2},
  pages={1--39},
  year={2010},
  publisher={Springer}
}

@article{wang2011software,
  title={Software defect prediction based on classifiers ensemble},
  author={Wang, Tao and Li, Weihua and Shi, Haobin and Liu, Zun},
  journal={JOURNAL OF INFORMATION \&COMPUTATIONAL SCIENCE},
  volume={8},
  number={16},
  pages={4241--4254},
  year={2011}
}

@inproceedings{glorot2010understanding,
  title={Understanding the difficulty of training deep feedforward neural networks},
  author={Glorot, Xavier and Bengio, Yoshua},
  booktitle={Proceedings of the thirteenth international conference on artificial intelligence and statistics},
  pages={249--256},
  year={2010}
}
