@article{hainmueller2014causal,
  title={Causal Inference in Conjoint Analysis: Understanding Multidimensional Choices via Stated Preference Experiments},
  author={Hainmueller, Jens and Hopkins, Daniel J and Yamamoto, Teppei},
  journal={Political Analysis},
  volume={22},
  number={1},
  pages={1--30},
  year={2014},
  publisher={Cambridge University Press}
}

@article{egami2019causal,
  title={Causal interaction in factorial experiments: Application to conjoint analysis},
  author={Egami, Naoki and Imai, Kosuke},
  journal={Journal of the American Statistical Association},
  volume={114},
  number={526},
  pages={529--540},
  year={2019},
  publisher={Taylor \& Francis}
}

@article{de2022improving,
  title={Improving the External Validity of Conjoint Analysis: The Essential Role of Profile Distribution},
  author={De la Cuesta, Brandon and Egami, Naoki and Imai, Kosuke},
  year={2022},
  journal={Political Analysis},
  volume={30},
  number={1},
  month={January},
  pages={19--45}
}

@article{hainmueller2015hidden,
  title={The Hidden American Immigration Consensus: A Conjoint Analysis of Attitudes toward Immigrants},
  author={Hainmueller, Jens and Hopkins, Daniel J},
  journal={American Journal of Political Science},
  volume={59},
  number={3},
  pages={529--548},
  year={2015},
  publisher={Wiley Online Library}
}

@article{newman2019economic,
  title={Economic Reasoning with Racial Hue: Is the Immigration Consensus Purely Race Neutral?},
  author={Newman, Benjamin J and Malhotra, Neil},
  journal={The Journal of Politics},
  volume={81},
  number={1},
  pages={153--166},
  year={2019},
  publisher={University of Chicago Press Chicago, IL}
}

@article{ono2019contingent,
  title={The contingent effects of candidate sex on voter choice},
  author={Ono, Yoshikuni and Burden, Barry C},
  journal={Political Behavior},
  volume={41},
  number={3},
  pages={583--607},
  year={2019},
  publisher={Springer}
}


@article{neyman_1923,
	Author = {Splawa-Neyman, Jerzy and Dabrowska, Dorota M and Speed, TP},
	Journal = {Statist. Sci.},
	Number = {4},
	Pages = {465--472},
	Publisher = {JSTOR},
	Title = {On the Application of Probability Theory to Agricultural Experiments. {E}ssay on Principles. {S}ection 9.},
	Volume = {5},
	Year = {1923/1990}}
	
@article{rubin_1974,
	Author = {Rubin, Donald B.},
	Doi = {10.1037/h0037350},
	Journal = {Journal of Educational Psychology},
	Number = {5},
	Pages = {688-701},
	Title = {Estimating causal effects of treatments in randomized and nonrandomized studies.},
	Volume = {66},
	Year = {1974},
	Bdsk-Url-1 = {https://doi.org/10.1037/h0037350}}
	
	
@article{DasPilRub15,
  title =        {Causal Inference from {$2^K$} Factorial Designs by
                  using Potential Outcomes},
  volume =       77,
  doi =          {10.1111/rssb.12085},
  language =     {English},
  number =       4,
  journal =      {Journal of the Royal Statistical Society. Series B
                  (Statistical Methodology)},
  author =       {Dasgupta, Tirthankar and Pillai, Natesh S. and
                  Rubin, Donald B.},
  month =        sep,
  year =         2015,
  pages =        {727--753}
}

@article{Rubin80,
  author =       {Donald B. Rubin},
  journal =      {Journal of the American Statistical Association},
  number =       371,
  pages =        {591--593},
  title =        {Randomization Analysis of Experimental Data: The
                  Fisher Randomization Test Comment},
  volume =       75,
  year =         1980
}


@article{wager2018estimation,
  title={Estimation and inference of heterogeneous treatment effects using random forests},
  author={Wager, Stefan and Athey, Susan},
  journal={Journal of the American Statistical Association},
  volume={113},
  number={523},
  pages={1228--1242},
  year={2018},
  publisher={Taylor \& Francis}
}

@article{pashley2019causal,
  title={Causal Inference for Multiple Non-Randomized Treatments using Fractional Factorial Designs},
  author={Pashley, Nicole E and Bind, Marie-Abele C},
  journal={arXiv preprint arXiv:1905.07596},
  year={2019}
}

@article{bondell2009anova,
	year  = {2009},
	volume = {65},
	number = {1},
	pages = {169--177},
	author = {Howard D. Bondell and Brian J. Reich},
	title = {Simultaneous Factor Selection and Collapsing Levels in {ANOVA}},
	journal = {Biometrics}
}

@article{post2013factor,
	title={Factor Selection and Structural Identification in the Interaction ANOVA Model},
	author={Post, Justin B. and Bondell, Howard D.},
	journal={Biometrics},
	volume={69},
	number={1},
	pages={70--79},
	year={2013}
}

@article{yan2017hierarchical,
	title={Hierarchical Sparse Modeling: A Choice of Two Group Lasso Formulations},
	author={Yan, Xiaohan and Bien, Jacob},
	journal={Statistical Science},
	volume={32},
	number={4},
	pages={531--560},
	year={2017}
}

@article{stadler2010lasso,
	title={$\ell$-1-Penalization for Mixture Regression Models},
	author={St{\"a}dler, Nicolas and B{\"u}hlmann, Peter and Van De Geer, Sara},
	journal={Test},
	volume={19},
	number={2},
	pages={209--256},
	year={2010},
	publisher={Springer}
}

@article{khalili2007variable,
	title={Variable Selection in Finite Mixture of Regression Models},
	author={Khalili, Abbas and Chen, Jiahua},
	journal={Journal of the american Statistical association},
	volume={102},
	number={479},
	pages={1025--1038},
	year={2007},
	publisher={Taylor \& Francis}
}

@article{ratkovic2017sparse,
	title = {Sparse Estimation and Uncertainty with Application to Subgroup Analysis},
	author = {Ratkovic, Marc and Tingley, Dustin},
	volume = {25},
	number = {1},
	pages = {1--40},
	year = {2017},
	journal = {Political Analysis}
}

@article{polson2013polyagamma,
	journal = {Journal of the American Statistical Association},
	volume = {108},
	number = {504},
	pages = {1339--1349},
	title = {Bayesian Inference for Logistic Models Using P{\'o}lyaâ€“Gamma Latent Variables},
	author = {Polson, Nicholas G. and Scott, James G. and Windle, Jesse},
	year = {2013}
}

@article{dempster1977EM,
	title = {Maximum Likelihood from Incomplete Data via the EM Algorithm},
	author = {Dempster, Arthur P. and Laird, Nan M. and Rubin, Donald B.},
	journal = {Journal of the Royal Statistical Society. Series B (Methodological)},
	volume = {39},
	number = {1},
	pages = {1--38},
	year = {1977}
}


@article{figueiredo2003adaptive,
	journal = {IEEE Transactions on Pattern Analysis and Machine Intelligence},
	title = {Adaptive Sparseness for Supervised Learning},
	author = {M\'{a}rio A.T. Figueiredo},
	year = {2003},
	volume = {25},
	number = {9},
	pages = {1150--1159}
}


@article{polson2011svm,
	title = {Data Augmentation for Support Vector Machines},
	author = {Polson, Nicholas G. and Scott, Steve L.},
	journal = {Bayesian Analysis},
	volume = {6},
	number = {1},
	pages = {1--24},
	year = {2011}
}

@article{meng1997aecm,
	title = {The EM Algorithm--An Old Folk-Song Sung to a Fast New Tune},
	author = {Meng, Xiao-Li and {Van Dyk}, David},
	journal = {Journal of the Royal Statistical Society. Series B (Methodological)},
	year = {1997},
	volume = {59},
	number = {3},
	pages = {511-567}	
}


@book{lawson1974linear,
	title = {Solving Least Squares Problems},
	author = {Lawson, Charles L. and Hanson, Richard J.},
	publisher = {Prentice-Hall},
	location = {Englewood Cliffs, NJ},
	year = {1974}
}

@article{goplerud2021sparsity,
	title = {Modelling Heterogeneity Using Bayesian Structured Sparsity},
	author = {Goplerud, Max},
	journal = {Working paper available at \url{https://arxiv.org/pdf/2103.15919.pdf}},
	year = {2021}
}

@article{zahid2013ridge,
	year = {2013},
	volume = {28},
	number = {3},
	pages = {1017--1034},
	author = {Zahid, Faisal Maqbool  and Tutz, Gerhard},
	title = {Ridge Estimation for Multinomial Logit Models with Symmetric Side Constraints},
	journal = {Computational Statistics}
}

@article{murphy2020init,
	year = {2020},
	volume = {14},
	number = {2},
	pages = {293--325},
	author = {Keefe Murphy and Thomas Brendan Murphy},
	title = {Gaussian Parsimonious Clustering Models with Covariates and a Noise Component},
	journal = {Advances in Data Analysis and Classification}
}

@article{varadhan2008simple,
	title={Simple and Globally Convergent Methods for Accelerating the Convergence of Any {EM} Algorithm},
	author={Varadhan, Ravi and Roland, Christophe},
	journal={Scandinavian Journal of Statistics},
	volume={35},
	number={2},
	pages={335--353},
	year={2008},
	publisher={Wiley Online Library}
}

@article{chamroukhi2019regularized,
	title={Regularized Maximum Likelihood Estimation and Feature Selection in Mixtures-of-Experts Models},
	author={Chamroukhi, Faicel and Huynh, Bao-Tuyen},
	journal={Journal de la Soci{\'e}t{\'e} Fran{\c{c}}aise de Statistique},
	volume={160},
	number={1},
	pages={57--85},
	year={2019}
}

@article{nguyen2021lasso,
	year = {2021},
	title = {An $\ell_1$-oracle inequality for the Lasso in mixture-of-experts regression models},
	author = {Nguyen, TrungTin and Nguyen, Hien D and Chamroukhi, Faicel and McLachlan, Geoffrey J},
	journal = {Working paper available at \url{https://arxiv.org/pdf/2009.10622.pdf}}

}

@article{khalili2010mixture,
	title={New Estimation and Feature Selection Methods in Mixture-of-Experts Models},
	author={Khalili, Abbas},
	journal={Canadian Journal of Statistics},
	volume={38},
	number={4},
	pages={519--539},
	year={2010}
}

@article{fan2001variable,
	title={Variable Selection via Nonconcave Penalized Likelihood and Its Oracle Properties},
	author={Fan, Jianqing and Li, Runze},
	journal={Journal of the American Statistical Association},
	volume={96},
	number={456},
	pages={1348--1360},
	year={2001},
	publisher={Taylor \& Francis}
}

@article{louis1982information,
	title={Finding the observed information matrix when using the EM algorithm},
	author={Louis, Thomas A},
	journal={Journal of the Royal Statistical Society: Series B (Methodological)},
	volume={44},
	number={2},
	pages={226--233},
	year={1982},
	publisher={Wiley Online Library}
}

@article{park2007l1,
	title={L1-regularization path algorithm for generalized linear models},
	author={Park, Mee Young and Hastie, Trevor},
	journal={Journal of the Royal Statistical Society: Series B (Statistical Methodology)},
	volume={69},
	number={4},
	pages={659--677},
	year={2007},
	publisher={Wiley Online Library}
}

@article{oelker2017uniform,
	title={A Uniform Framework for the Combination of Penalties in Generalized Structured Models},
	author={Oelker, Margret-Ruth and Tutz, Gerhard},
	journal={Advances in Data Analysis and Classification},
	volume={11},
	number={1},
	pages={97--120},
	year={2017},
	publisher={Springer}
}

@article{biernacki2003choosing,
	title={Choosing starting values for the EM algorithm for getting the highest likelihood in multivariate Gaussian mixture models},
	author={Biernacki, Christophe and Celeux, Gilles and Govaert, G{\'e}rard},
	journal={Computational Statistics \& Data Analysis},
	volume={41},
	number={3-4},
	pages={561--575},
	year={2003}
}

@article{celeux1992classification,
	title={A Classification {EM} Algorithm for Clustering and Two Stochastic Versions},
	author={Celeux, Gilles and Govaert, G{\'e}rard},
	journal={Computational Statistics \& Data Analysis},
	volume={14},
	number={3},
	pages={315--332},
	year={1992},
	publisher={Elsevier}
}

@article{bischl2018mlrmbo,
	title={{mlrMBO}: A Modular Framework for Model-Based Optimization of Expensive Black-Box Functions}, 
	author={Bernd Bischl and Jakob Richter and Jakob Bossek and Daniel Horn and Janek Thomas and Michel Lang},
	year={2018},
	journal={Working paper available at \url{https://arxiv.org/pdf/1703.03373.pdf}}
}

@article{stokell2021modelling,
	title={Modelling High-Dimensional Categorical Data Using Nonconvex Fusion Penalties}, 
	author={Benjamin G. Stokell and Rajen D. Shah and Ryan J. Tibshirani},
	year={2021},
	journal={Working paper available at \url{https://arxiv.org/pdf/2002.12606.pdf}}
}

@article{zou2006adaptive,
	title = {The Adaptive LASSO and Its Oracle Properties},
	author = {Zou, Hui},
	volume = {101},
	issue = {476},
	year = {2006},
	pages = {1418--1429},
	journal = {Journal of the American Statistical Association}
}

@article{lim2015learning,
	title={Learning Interactions via Hierarchical Group-Lasso Regularization},
	author={Lim, Michael and Hastie, Trevor},
	journal={Journal of Computational and Graphical Statistics},
	volume={24},
	number={3},
	pages={627--654},
	year={2015},
	publisher={Taylor \& Francis}
}

@article{kamakura1989probabilistic,
	title={A probabilistic choice model for market segmentation and elasticity structure},
	author={Kamakura, Wagner A and Russell, Gary J},
	journal={Journal of marketing research},
	volume={26},
	number={4},
	pages={379--390},
	year={1989}
}

@article{gupta1994using,
	title={On using Demographic Variables to Determine Segment Membership in Logit Mixture Models},
	author={Gupta, Sachin and Chintagunta, Pradeep K.},
	journal={Journal of Marketing Research},
	volume={31},
	number={1},
	pages={128--136},
	year={1994}
}

@article{chen2017modeling,
	title={Modeling multimodal continuous heterogeneity in conjoint analysisâ€”a sparse learning approach},
	author={Chen, Yupeng and Iyengar, Raghuram and Iyengar, Garud},
	journal={Marketing Science},
	volume={36},
	number={1},
	pages={140--156},
	year={2017}
}

@article{andrews2002empirical,
	title={An Empirical Comparison of Logit Choice Models with Discrete versus Continuous Representations of Heterogeneity},
	author={Andrews, Rick L and Ainslie, Andrew and Currim, Imran S},
	journal={Journal of Marketing Research},
	volume={39},
	number={4},
	pages={479--487},
	year={2002}
}


@article{wang2016trend,
	title={Trend Filtering on Graphs},
	author={Wang, Yu-Xiang and Sharpnack, James and Smola, Alexander J and Tibshirani, Ryan J},
	journal={Journal of Machine Learning Research},
	volume={17},
	pages={1--41},
	year={2016}
}

@article{leeper2020measuring,
  title={Measuring Subgroup Preferences in Conjoint Experiments},
  author={Leeper, Thomas J and Hobolt, Sara B and Tilley, James},
  journal={Political Analysis},
  volume={28},
  number={2},
  pages={207--221},
  year={2020},
  publisher={Cambridge University Press}
}


@article{grun2008multinomial,
	doi = {10.1007/s00357-008-9022-8},
	url = {https://doi.org/10.1007/s00357-008-9022-8},
	year = {2008},
	month = nov,
	publisher = {Springer Science and Business Media {LLC}},
	volume = {25},
	number = {2},
	pages = {225--247},
	author = {Bettina Gr\"{u}n and Friedrich Leisch},
	title = {Identifiability of Finite Mixtures of Multinomial Logit Models with Varying and Fixed Effects},
	journal = {Journal of Classification}
}

@article{jiang1999identifiability,
	title={On the identifiability of mixtures-of-experts},
	author={Jiang, Wenxin and Tanner, Martin A},
	journal={Neural Networks},
	volume={12},
	number={9},
	pages={1253--1258},
	year={1999},
	publisher={Elsevier}
}

@incollection{gormley2019mixture,
	title={Mixture of Experts Models},
	author={Gormley, Isobel Claire and Fr{\"u}hwirth-Schnatter, Sylvia},
	booktitle={Handbook of Mixture Analysis},
	editor={Fr{\"u}hwirth-Schnatter, Sylvia and Celeux, Gilles and Robert, Christian P.},
	pages={271--307},
	year={2019},
	publisher={Chapman and Hall/CRC}
}

@article{almirall2014time,
  title={Time-varying effect moderation using the structural nested mean model: estimation using inverse-weighted regression with residuals},
  author={Almirall, Daniel and Griffin, Beth Ann and McCaffrey, Daniel F and Ramchand, Rajeev and Yuen, Robert A and Murphy, Susan A},
  journal={Statistics in medicine},
  volume={33},
  number={20},
  pages={3466--3487},
  year={2014},
  publisher={Wiley Online Library}
}

@article{imai2013estimating,
  title={Estimating treatment effect heterogeneity in randomized program evaluation},
  author={Imai, Kosuke and Ratkovic, Marc},
  journal={The Annals of Applied Statistics},
  volume={7},
  number={1},
  pages={443--470},
  year={2013},
  publisher={Institute of Mathematical Statistics}
}

@article{robinsondetect,
  title={How to detect heterogeneity in conjoint experiments},
  author={Robinson, Thomas S and Duch, Raymond M},
  year={2022},
  note={\url{https://www.raymondduch.com/files/how-to-detect-heterogeneity-in-conjoint.pdf}}
}

