
@Article{zhan:benm:imai:22,
  author = 	 {Zhang, Yi and Ben-Michael, Eli and Imai, Kosuke},
  title = 	 {Safe Policy Learning under Regression Discontinuity Designs},
  journal = 	 {arXiv 2208.13323},
  year = 	 {2022},
  OPTkey = 	 {},
  OPTvolume = 	 {},
  OPTnumber = 	 {},
  OPTpages = 	 {},
  OPTmonth = 	 {},
  OPTnote = 	 {},
  OPTannote = 	 {}
}

@Article{eshi:imai:sasa:22,
  author = 	 {Shusei, Eshima and Imai, Kosuke and Sasaki, Tomoya},
  title = 	 {Keyword Assisted Topic Models},
  journal = 	 {arXiv 2004.05964},
  year = 	 {2022},
  OPTkey = 	 {},
  OPTvolume = 	 {},
  OPTnumber = 	 {},
  OPTpages = 	 {},
  OPTmonth = 	 {},
  OPTnote = 	 {},
  OPTannote = 	 {}
}

@Misc{huan:jian:imai:22,
  OPTkey = 	 {},
  author = 	 {Huang, Karissa and Jiang, Zhichao and Imai, Kosuke},
  title = 	 {{RCT2:} R package for Designing and Analyzing Two-stage Randomized Experiments},
  howpublished = {available at the Comprehensive R Archive Network},
  OPTmonth = 	 {},
  year = 	 {2022},
  note = 	 {\url{https://CRAN.R-project.org/package=RCT2}},
  OPTannote = 	 {}
}

@Misc{tarr:etal:22,
  OPTkey = 	 {},
  author = 	 {Tarr, Alexander and Imai, Kosuke and Hwang, June},
  OPTtitle = 	 {Replication Data for: Automated Coding of Political Campaign Advertisement Videos: An Empirical Validation Study},
  howpublished = {\url{https://doi.org/10.7910/DVN/6SWKPR}, Harvard Dataverse, V1},
  OPTmonth = 	 {},
  year = 	 {2022},
  OPTnote = 	 {},
  OPTannote = 	 {}
}


@TechReport{benm:etal:21,
  author = 	 {Ben-Michael, Eli and Greiner, D. James and Imai, Kosuke
                  and Jiang, Zhichao},
  title = 	 {Safe Policy Learning through Extrapolation: Application to Pre-trial Risk Assessment},
  institution =  {arXiv:2109.11679},
  year = 	 {2021},
  OPTkey = 	 {},
  OPTtype = 	 {},
  OPTnumber = 	 {},
  OPTaddress = 	 {},
  OPTmonth = 	 {},
  OPTnote = 	 {},
  OPTannote = 	 {}
}

@TechReport{benm:imai:jian:22,
  author = 	 {Ben-Michael, Eli and Imai, Kosuke and Jiang, Zhichao},
  title = 	 {Policy learning with asymmetric utilities},
  institution =  {arXiv:2206.10479},
  year = 	 {2022},
  OPTkey = 	 {},
  OPTtype = 	 {},
  OPTnumber = 	 {},
  OPTaddress = 	 {},
  OPTmonth = 	 {},
  OPTnote = 	 {},
  OPTannote = 	 {}
}

@misc{blai:chou:imai:17,
	Author = {Blair, Graeme and Chou, Winston and Imai, Kosuke},
	Howpublished = {available at the {Comprehensive R Archive Network (CRAN)}},
	Note = {\url{https://CRAN.R-project.org/package=list}},
	Title = {{list}: Statistical Methods for the Item Count Technique and List Experiment},
	Year = {2017}}

@misc{blai:chou:imai:18,
	Author = {Blair, Graeme and Chou, Winston and Imai, Kosuke},
	Howpublished = {\url{https://doi.org/10.7910/DVN/L3GWNP}},
	Note = {Harvard Dataverse},
	Title = {Replication data for: List Experiments with Measurement Error},
	Year = {2018}}

@Article{blai:chou:imai:19,
  author = 	 {Blair, Graeme and Chou, Winston and Imai, Kosuke},
  title = 	 {List Experiments with Measurement Error},
  journal = 	 {Political Analysis},
  year = 	 {2019},
  OPTkey = 	 {},
  volume = 	 {27},
  number = 	 {4},
  pages = 	 {455--480},
  month = 	 {October},
  OPTnote = 	 {},
  OPTannote = 	 {}
}

@misc{blai:imai:11,
	Author = {Blair, Graeme and Imai, Kosuke},
	Howpublished = {hdl:1902.1/17040},
	Note = {The Dataverse Network},
	Title = {Replication data for: Statistical Analysis of List Experiments},
	Year = {2011}}

@article{blai:imai:12,
	Author = {Blair, Graeme and Imai, Kosuke},
	Journal = {Political Analysis},
	Month = {Winter},
	Number = {1},
	Pages = {47--77},
	Title = {Statistical Analysis of List Experiments},
	Volume = {20},
	Year = {2012}}


@article{blai:imai:lyal:14,
  author = 	 {Blair, Graeme and Imai, Kosuke and Lyall, Jason},
  title = 	 {Comparing and Combining List and Endorsement Experiments: Evidence from {A}fghanistan},
  Journal = 	 {American Journal of Political Science},
  year = {2014},
  volume = 	 {58},
  number =        {4},
  month = 	 {October},
  pages = 	 {1043--1063},
}


@article{blai:imai:zhou:15,
  author = 	 {Blair, Graeme and Imai, Kosuke and Zhou, Yang-Yang},
  title = 	 {Design and Analysis of Randomized Response Technique},
  year = 	 {2015},
  journal =  {Journal of the American Statistical Association},
  volume = 	 {110},
  number = 	 {511},
  pages = 	 {1304--1319},
  month = 	 {September},
}

@misc{blai:imai:zhou:15b,
	Author = {Graeme Blair and Kosuke Imai and Yang-Yang Zhou},
	Howpublished = {https://dx.doi.org/10.7910/DVN/AIO5BR},
	Note = {The Dataverse Network},
	Title = {Replication data for: Design and Analysis of the Randomized Response Technique},
	Year = {2015}}

@misc{blai:zhou:imai:16,
	Author = {Blair, Graeme and Zhou, Yang-Yang and Imai, Kosuke},
	Howpublished = {available at the {Comprehensive R Archive Network (CRAN)}},
	Note = {\url{https://CRAN.R-project.org/package=rr}},
	Title = {{rr}: Statistical Methods for the Randomized Response},
	Year = {2016}}



@article{bull:imai:shap:11,
	Author = {Bullock, Will and Imai, Kosuke and Shapiro, Jacob N.},
	Journal = {Political Analysis},
	Month = {Autumn},
	Number = {4},
	Pages = {363--384},
	Title = {Statistical Analysis of Endorsement Experiments: Measuring Support for Militant Groups in {P}akistan},
	Volume = {19},
	Year = {2011}}

@misc{bull:imai:shap:11a,
	Author = {Bullock, Will and Imai, Kosuke and Shapiro, Jacob N.},
	Howpublished = {hdl:1902.1/14840},
	Note = {The Dataverse Network},
	Title = {Replication data for: Statistical Analysis of Endorsement Experiments: Measuring Support for Militant Groups in {P}akistan},
	Year = {2011}}

@article{chou:imai:rose:17,
  author = 	 {Chou, Winston and Imai, Kosuke and Rosenfeld, Bryn},
  title = 	 {Sensitive Survey Questions with Auxiliary Information},
  journal =      {Sociological Methods \& Research},
  year = 	 {2017},
  OPTkey = 	 {},
  OPTvol = 	 {},
  OPTnumber = 	 {},
  OPTmonth = 	 {},
  note = 	 {Forthcoming}
}

@unpublished{clin:imai:pems:09,
	Author = {Clinton, Joshua and Imai, Kosuke and Pemstein, Daniel},
	Note = {Working paper available at \url{https://imai.princeton.edu/research/}},
	Title = {Statistical Tests of Agenda Control Using Roll Call Data},
	Year = {2009}}

@article{dela:egam:imai:22,
  title={Improving the External Validity of Conjoint Analysis: The Essential Role of Profile Distribution},
  author={De la Cuesta, Brandon and Egami, Naoki and Imai, Kosuke},
  year={2022},
  journal={Political Analysis},
  volume={30},
  number={1},
  month={January},
  pages={19--45}
}

@article{egam:imai:19,
  author = 	 {Egami, Naoki and Imai, Kosuke},
  title = 	 {Causal Interaction in Factorial Experiments: Application to Conjoint Analysis},
  journal =  {Journal of the American Statistical Association},
  year = 	 {2019},
  volume = 	 {114},
  number = 	 {526},
  pages = {529--540},
  month = 	 {June},
  OPTnote = 	 {},
  OPTannote = 	 {}
}

@misc{egam:ratk:imai:17,
	Author = {Egami, Naoki and Ratkovic, Marc and Imai, Kosuke},
	Howpublished = {available at the {Comprehensive R Archive Network (CRAN)}},
	Note = {\url{https://CRAN.R-project.org/package=FindIt}},
	Title = {{FindIt}: Finding Heterogeneous Treatment Effects},
	Year = {2017}}

@Misc{enam:fifi:imai:17a,
  OPTkey = 	 {},
  author = 	 {Enamorado, Ted and Fifield, Benjamin and Imai, Kosuke},
  title = 	 {fastLink: Fast Probabilistic Record Linkage},
  howpublished = {available at the {Comprehensive R Archive Network (CRAN)}},
  Note = {\url{https://CRAN.R-project.org/package=fastLink}},
  OPTmonth = 	 {},
  year = 	 {2017},
  OPTnote = 	 {},
  OPTannote = 	 {}
}

@TechReport{enam:fifi:imai:18a,
  author = 	 {Enamorado, Ted and Fifield, Benjamin and Imai, Kosuke},
  title = 	 {Userâ€™s Guide and Codebook for the {ANES} 2016
Time Series Voter Validation Supplemental Data},
  institution =  {American National Election Studies},
  year = 	 {2018},
  OPTkey = 	 {},
  OPTtype = 	 {},
  OPTnumber = 	 {},
  OPTaddress = 	 {},
  OPTmonth = 	 {},
  OPTnote = 	 {},
  OPTannote = 	 {}
}

@article{enam:fifi:imai:19,
  author = 	 {Enamorado, Ted and Fifield, Benjamin and Imai, Kosuke},
  title = 	 {Using a Probabilistic Model to Assist Merging of Large-scale Administrative Records},
  journal =  {American Political Science Review},
  year = 	 {2019},
  volume = 	 {113},
  number = 	 {2},
  pages = 	 {353--371},
  month = 	 {May},
}

@TechReport{enam:imai:18,
  author = 	 {Enamorado, Ted and Imai, Kosuke},
  title = 	 {Validating Self-reported Turnout by Linking Public Opinion Surveys with
Administrative Records},
  institution =  {Department of Politics, Princeton University},
  year = 	 {2018},
  OPTkey = 	 {},
  OPTtype = 	 {},
  OPTnumber = 	 {},
  OPTaddress = 	 {},
  OPTmonth = 	 {},
  OPTnote = 	 {},
  OPTannote = 	 {}
}

@Article{eshi:imai:sasa:22,
  author = 	 {Shusei, Eshima and Imai, Kosuke and Sasaki, Tomoya},
  title = 	 {Keyword Assisted Topic Models},
  journal = 	 {arXiv 2004.05964},
  year = 	 {2022},
  OPTkey = 	 {},
  OPTvolume = 	 {},
  OPTnumber = 	 {},
  OPTpages = 	 {},
  OPTmonth = 	 {},
  OPTnote = 	 {},
  OPTannote = 	 {}
}

@techreport{fan:etal:16,
  author = 	 {Fan, Jianqing and Imai, Kosuke and Liu, Han and Ning, Yang and Yang, Xiaolin},
  title = 	 {Improving Covariate Balancing Propensity Score: A Doubly Robust and Efficient Approach},
  institution =  {Princeton University},
  year = 	 {2016},
  OPTkey = 	 {},
  OPTtype = 	 {},
  OPTnumber = 	 {},
  OPTaddress = 	 {},
  OPTmonth = 	 {},
  OPTnote = 	 {},
  OPTannote = 	 {}
}

@TechReport{fifi:etal:14,
  author = 	 {Fifield, Benjamin and Higgins, Michael and Imai, Kosuke and Tarr, Alexander},
  title = 	 {A New Automated Redistricting Simulator Using {Markov chain Monte Carlo}},
  institution =  {Presented at the 31th Annual Meeting of the Society
                  for Political Methodology. University of Georgia.},
  year = 	 {2014},
  OPTkey = 	 {},
  OPTtype = 	 {},
  OPTnumber = 	 {},
  OPTaddress = 	 {},
  OPTmonth = 	 {},
  OPTnote = 	 {},
  OPTannote = 	 {}
}

@article{fifi:etal:20,
  author = 	 {Fifield, Benjamin and Higgins, Michael and Imai, Kosuke and Tarr, Alexander},
  title = 	 {Automated Redistricting Simulator Using {Markov chain Monte Carlo}},
  journal =  {Journal of Computational and Graphical Statistics},
  year = 	 {2020},
  OPTkey = 	 {},
  volume = 	 {29},
  number = 	 {4},
  pages = 	 {715--728},
  OPTmonth = 	 {},
  OPTnote = 	 {},
  OPTannote = 	 {}
}

@Misc{fifi:etal:20a,
 author = 	 {Fifield, Benjamin and Higgins, Michael and Imai, Kosuke and Tarr, Alexander},
  title = 	 {Replication Data for: Automated Redistricting Simulation Using {Markov chain Monte Carlo}},
  howpublished = {\url{https://doi.org/10.7910/DVN/VCIW2I}},
  OPTmonth = 	 {},
  year = 	 {2020},
  OPTnote = 	 {},
  OPTannote = 	 {}
}

@article{fifi:etal:20b,
  author = 	 {Fifield, Benjamin and Imai, Kosuke and Kawahara, Jun and Kenny, Christopher T.},
  title = 	 {The Essential Role of Empirical Validation in Legislative Redistricting Simulation},
  year = 	 {2020},
  journal = 	 {Statistics and Public Policy},
  volume = 	 {7},
  number = 	 {1},
  pages = 	 {52--68}
}

@Misc{fifi:etal:20c,
  author = 	 {Fifield, Benjamin and Imai, Kosuke and Kawahara, Jun and Kenny, Christopher T.},
  title = 	 {Replication Data for: The Essential Role of Empirical Validation in Legislative Redistricting Simulation},
  year = 	 {2020},
  howpublished = {\url{https://doi.org/10.7910/DVN/NH4CRS}},
}

@misc{fifi:etal:20d,
	Author = {Fifield, Benjamin and Kenny, Christopher T. and
                  McCartan, Cory and Imai, Kosuke},
	Howpublished = {available at the {Comprehensive R Archive Network (CRAN)}},
	Note = {\url{https://CRAN.R-project.org/package=redist}},
	Title = {redist: Computational Algorithms for Redistricting Simulation},
	Year = {2020}}

@misc{fong:etal:17b,
author = {Fong, Christian and Hazlett, Chad and Imai, Kosuke},
Note = {Harvard Dataverse},
title = {Replication Data for: Covariate Balancing Propensity Score for a Continuous Treatment},
year = {2017},
Howpublished = {\url{https://dx.doi.org/10.7910/DVN/AIF4PI}}
}

@misc{fong:etal:18,
	Author = {Fong, Christian and Ratkovic, Marc and Imai, Kosuke},
	Howpublished = {available at the {Comprehensive R Archive Network (CRAN)}},
	Note = {\url{https://CRAN.R-project.org/package=CBPS}},
	Title = {{CBPS}: R Package for Covariate Balancing Propensity Score},
	Year = {2018}}

@article{fong:hazl:imai:18,
  author = 	 {Fong, Christian and Hazlett, Chad and Imai, Kosuke},
  title = 	 {Covariate Balancing Propensity Score for a
                  Continuous Treatment: Application to the Efficacy of
                  Political Advertisements},
  journal =  {Annals of Applied Statistics},
  year = 	 {2018},
  pages = 	 {156--177},
  volume = 	 {12},
  number = 	 {1},
}

@unpublished{gold:etal:08,
	Author = {Goldstein, Daniel G. and Imai, Kosuke and G{\"o}ritz, Anja S. and Gollwitzer, Peter M.},
	Note = {Working paper available at SSRN \url{https://ssrn.com/abstract=977000}},
	Title = {Nudging Turnout: Mere Measurement and Implementation Planning of Intentions to Vote},
	Year = {2008}}


@TechReport{gopl:imai:pash:22,
  author = 	 {Goplerud, Max and Imai, Kosuke and Pashley, Nicole E.},
  title = 	 {Estimating Heterogeneous Causal Effects of High-Dimensional Treatments: Application to Conjoint Analysis},
  institution =  {arxiv:2201.01357},
  year = 	 {2022},
  OPTkey = 	 {},
  OPTtype = 	 {},
  OPTnumber = 	 {},
  OPTaddress = 	 {},
  OPTmonth = 	 {},
  OPTnote = 	 {},
  OPTannote = 	 {}
}

@Unpublished{hira:etal:11,
  author = 	 {Hirano, Shigeo and Imai, Kosuke and Shiraito, Yuki and Taniguchi, Masaaki},
  title = 	 {Policy Positions in Mixed Member Electoral Systems:Evidence from {Japan}},
  note = 	 {Working Paper available at \url{https://imai.fas.harvard.edu/research/japan.html}},
  OPTkey = 	 {},
  OPTmonth = 	 {},
  year = 	 {2011},
  OPTannote = 	 {}
}

@Article{hiro:imai:lyal:17,
  author = 	 {Hirose, Kentaro and Imai, Kosuke and Lyall, Jason},
  title = 	 {Can Civilian Attitudes Predict Insurgent Violence?: Ideology and Insurgent Tactical Choice in Civil War},
  journal = 	 {Journal of Peace Research},
  year = 	 {2017},
  OPTkey = 	 {},
  volume = 	 {51},
  number = 	 {1},
  pages = 	 {47--63},
  month = 	 {January},
  OPTnote = 	 {},
  OPTannote = 	 {}
}

@unpublished{ho:imai:04,
	Author = {Ho, Daniel E. and Kosuke Imai},
	Note = {Princeton Law \& Public Affairs Paper No. 04-001; Harvard Public Law Working Paper No. 89; available at SSRN \url{https://ssrn.com/abstract=496863}},
	Title = {The Impact of Partisan Electoral Regulation: Ballot Effects from the California Alphabet Lottery, 1978--2002},
	Year = {2004}}

@article{ho:imai:06,
	Author = {Ho, Daniel E. and Imai, Kosuke},
	Journal = {Journal of the American Statistical Association},
	Month = {September},
	Number = {475},
	Pages = {888--900},
	Title = {Randomization Inference with Natural Experiments: An Analysis of Ballot Effects in the 2003 {C}alifornia Recall Election},
	Volume = {101},
	Year = {2006}}

@article{ho:imai:08,
	Author = {Ho, Daniel E. and Imai, Kosuke},
	Journal = {Public Opinion Quarterly},
	Month = {Summer},
	Number = {2},
	Pages = {216--240},
	Title = {Estimating Causal Effects of Ballot Order from a Randomized Natural Experiment: {C}alifornia Alphabet Lottery, 1978--2002},
	Volume = {72},
	Year = {2008}}


@article{ho:imai:king:stua:07,
	Author = {Ho, Daniel E. and Imai, Kosuke and King, Gary and Stuart, Elizabeth A.},
	Journal = {Political Analysis},
	Month = {Summer},
	Number = {3},
	Pages = {199--236},
	Title = {Matching as Nonparametric Preprocessing for Reducing Model Dependence in Parametric Causal Inference},
	Volume = {15},
	Year = {2007}}

@article{ho:imai:king:stua:11,
	Author = {Ho, Daniel E. and Imai, Kosuke and King, Gary and Stuart, Elizabeth A.},
	Journal = {Journal of Statistical Software},
	Month = {June},
	Note = {Software available at the {C}omprehensive {R} {A}rchive {N}etwork, \url{https://CRAN.R-project.org/package=MatchIt}},
	Number = {8},
	Pages = {1--28},
	Title = {Match{I}t: Nonparametric Preprocessing for Parametric Causal Inference},
	Volume = {42},
	Year = {2011}}

@article{hori:imai:tani:07,
	Author = {Horiuchi, Yusaku and Imai, Kosuke and Taniguchi, Naoko},
	Journal = {American Journal of Political Science},
	Month = {July},
	Number = {3},
	Pages = {669--687},
	Title = {Designing and Analyzing Randomized Experiments: Application to a {J}apanese Election Survey Experiment},
	Volume = {51},
	Year = {2007}}

@Misc{huan:jian:imai:22,
  OPTkey = 	 {},
  author = 	 {Huang, Karissa and Jiang, Zhichao and Imai, Kosuke},
  title = 	 {{RCT2:} R package for Designing and Analyzing Two-stage Randomized Experiments},
  howpublished = {available at the Comprehensive R Archive Network},
  OPTmonth = 	 {},
  year = 	 {2022},
  note = 	 {\url{https://CRAN.R-project.org/package=RCT2}},
  OPTannote = 	 {}
}

@phdthesis{imai:03,
	Author = {Imai, Kosuke},
	School = {Department of Government, Harvard University},
	Title = {Essays on Political Methodology},
	Year = {2003}}

@article{imai:05,
	Author = {Imai, Kosuke},
	Journal = {American Political Science Review},
	Month = {May},
	Number = {2},
	Pages = {283--300},
	Title = {Do Get-Out-The-Vote Calls Reduce Turnout?: The Importance of Statistical Methods for Field Experiments},
	Volume = {99},
	Year = {2005}}

@article{imai:08,
	Author = {Imai, Kosuke},
	Journal = {Statistics \& Probability Letters},
	Month = {February},
	Number = {2},
	Pages = {144--149},
	Title = {Sharp Bounds on the Causal Effects in Randomized Experiments with ``Truncation-by-Death''},
	Volume = {78},
	Year = {2008}}

@article{imai:08a,
	Author = {Imai, Kosuke},
	Journal = {Statistics in Medicine},
	Month = {October},
	Number = {24},
	Pages = {4857--4873},
	Title = {Variance Identification and Efficiency Analysis in Randomized Experiments under the Matched-Pair Design},
	Volume = {27},
	Year = {2008}}

@article{imai:09,
	Author = {Imai, Kosuke},
	Journal = {Journal of the Royal Statistical Society, {Series C} (Applied Statistics)},
	Month = {February},
	Number = {1},
	Pages = {83--104},
	Title = {Statistical Analysis of Randomized Experiments with Nonignorable Missing Binary Outcomes: An Application to a Voting Experiment},
	Volume = {58},
	Year = {2009}}


@article{imai:11,
	Author = {Imai, Kosuke},
	Journal = {Journal of the American Statistical Association},
	Month = {June},
	Number = {494},
	Pages = {407--416},
	Title = {Multivariate Regression Analysis for the Item Count Technique},
	Volume = {106},
	Year = {2011}}

@Article{imai:12,
  author = 	 {Imai, Kosuke},
  title = 	 {Comments: Improving Weighting Methods for Causal Mediation Analysis},
  journal = 	 {Journal of Research on Educational Effectiveness},
  year = 	 {2012},
  OPTkey = 	 {},
  volume = 	 {5},
  number = 	 {3},
  pages = 	 {293--295},
  OPTmonth = 	 {},
  OPTnote = 	 {},
  OPTannote = 	 {}
}


@Book{imai:17,
  author = 	 {Imai, Kosuke},
  ALTeditor = 	 {},
  title = 	 {Quantitative Social Science: An Introduction},
  publisher = 	 {Princeton University Press},
  year = 	 {2017},
  OPTkey = 	 {},
  OPTvolume = 	 {},
  OPTnumber = 	 {},
  OPTseries = 	 {},
  address = 	 {Princeton, New Jersey},
  OPTedition = 	 {},
  OPTmonth = 	 {},
  OPTnote = 	 {},
  OPTannote = 	 {}
}

@inbook{imai:etal:10,
	Address = {New York},
	Author = {Imai, Kosuke and Keele, Luke and Tingley, Dustin and Yamamoto, Teppei},
	Chapter = {Causal Mediation Analysis Using {R}},
	Pages = {129--154},
	Publisher = {Springer},
	Series = {Lecture Notes in Statistics},
	Title = {Advances in Social Science Research Using {R} (ed. H. D. Vinod)},
	Year = {2010}}

@article{imai:etal:11,
	Author = {Imai, Kosuke and Keele, Luke and Tingley, Dustin and Yamamoto, Teppei},
	Journal = {American Political Science Review},
	Month = {November},
	Number = {4},
	Pages = {765--789},
	Title = {Unpacking the Black Box of Causality: Learning about Causal Mechanisms from Experimental and Observational Studies},
	Volume = {105},
	doi = {10.1017/S0003055411000414},
	Year = {2011}}

@misc{imai:etal:11a,
	Author = {Imai, Kosuke and Keele, Luke and Tingley, Dustin and Yamamoto, Teppei},
	Howpublished = {hdl:1902.1/16467},
	Note = {The Dataverse Network},
	Title = {Replication data for: Unpacking the Black Box of Causality: Learning about Causal Mechanisms from Experimental and Observational Studies},
	Year = {2011}}

@Article{imai:etal:14,
  author = 	 {Imai, Kosuke and Keele, Luke and Tingley, Dustin and
                  Yamamoto, Teppei},
  title = 	 {Comment on {Pearl}: Practical Implications of Theoretical Results for Causal Mediation Analysis},
  journal = 	 {Psychological Methods},
  year = 	 {2014},
  volume = 	 {19},
  number = 	 {4},
  pages = 	 {482--487},
  month = 	 {December},
}

@article{imai:etal:22,
  author = 	 {Imai, Kosuke and Jiang, Zhichao and Greiner, D. James and Halen, Ryan and Shin, Sooahn},
  title = 	 {Experimental Evaluation of Computer-Assisted Human
                  Decision-Making: Application to Pretrial Risk
                  Assessment Instrument (with discussions)},
  journal =  {Journal of the Royal Statistical Society, Series {A}
                  (Statistics in Society)},
  year = 	 {2021},
  OPTkey = 	 {},
  OPTtype = 	 {},
  OPTnumber = 	 {},
  pages = 	 {Forthcoming},
  OPTmonth = 	 {},
  OPTnote = 	 {},
  OPTannote = 	 {}
}

@Article{imai:jian:18,
  author = 	 {Imai, Kosuke and Jiang, Zhichao},
  title = 	 {A Sensitivity Analysis for Missing Outcomes Due to Truncation-by-Death under the Matched-Pairs Design},
  journal = 	 {Statistics in Medicine},
  year = 	 {2018},
  OPTkey = 	 {},
  volume = 	 {37},
  number = 	 {20},
  pages = 	 {2907--2922},
  month = 	 {September},
  OPTnote = 	 {},
  OPTannote = 	 {}
}

@misc{imai:jian:18a,
	Author = {Imai, Kosuke and Jiang, Zhichao},
	Howpublished = {available at the Comprehensive {R} Archive Network (CRAN)},
	Note = {\url{https://CRAN.R-project.org/package=experiment}},
	Title = {experiment: R package for designing and analyzing randomized experiments},
	Year = {2018}}

@Article{imai:jian:19,
  author = 	 {Imai, Kosuke and Jiang, Zhichao},
  title = 	 {Comment: The Challenges of Multiple Causes},
  journal = 	 {Journal of the American Statistical Association},
  year = 	 {2019},
  OPTkey = 	 {},
  volume = 	 {114},
  number = 	 {528},
  pages = 	 {1605--1610},
  OPTmonth = 	 {},
  OPTnote = 	 {},
  OPTannote = 	 {}
}

@Article{imai:jian:22,
  author = 	 {Imai, Kosuke and Jiang, Zhichao},
  title = 	 {Principal Fairness for Human and Algorithmic Decision-Making},
  journal = 	 {Statistical Science},
  year = 	 {2022},
  OPTkey = 	 {},
  OPTvolume = 	 {},
  OPTnumber = 	 {},
  pages = 	 {Forthcoming},
  OPTmonth = 	 {},
  OPTnote = 	 {},
  OPTannote = 	 {}
}

@Article{imai:jian:21,
  author = 	 {Imai, Kosuke and Jiang, Zhichao},
  title = 	 {Identification and Sensitivity Analysis of Contagion Effects in Randomized Placebo-Controlled Trials},
  journal = 	 {Journal of the Royal Statistical Society, Series {A}
                  (Statistics in Society)},
  year = 	 {Forthcoming},
  OPTkey = 	 {},
  volume = 	 {},
  number = 	 {},
  pages = 	 {},
  month = 	 {},
  OPTnote = 	 {},
  OPTannote = 	 {}
}


@article{imai:jian:mala:21,
  author = 	 {Imai, Kosuke and Jiang, Zhichao and Malai, Anup},
  title = 	 {Causal Inference with Interference and Noncompliance in Two-Stage Randomized Experiments},
  journal =  {Journal of the American Statistical Association},
  year = 	 {2021},
  volume = 	 {116},
  number = 	 {534},
  pages = 	 {632--644},
  OPTmonth = 	 {},
  doi = 	 {10.1080/01621459.2020.1775612}
}

@Article{imai:jo:stua:11,
  author = 	 {Imai, Kosuke and Jo, Booil and Stuart, Elizabeth A.},
  title = 	 {Commentary: Using Potential Outcomes to Understand Causal Mediation Analysis},
  journal = 	 {Multivariate Behavioral Research},
  year = 	 {2011},
  OPTkey = 	 {},
  volume = 	 {46},
  number = 	 {5},
  pages = 	 {842--854},
  OPTmonth = 	 {},
  OPTnote = 	 {},
  OPTannote = 	 {}
}

@article{imai:keel:ting:10,
	Author = {Imai, Kosuke and Keele, Luke and Tingley, Dustin},
	Journal = {Psychological Methods},
	Month = {December},
	Number = {4},
	Pages = {309--334},
	Title = {A General Approach to Causal Mediation Analysis},
	Volume = {15},
	Year = {2010}}

@misc{imai:keel:ting:10a,
	Author = {Imai, Kosuke and Keele, Luke and Tingley, Dustin},
	Howpublished = {hdl:1902.1/14801},
	Note = {The Dataverse Network},
	Title = {Replication data for: A General Approach to Causal Mediation Analysis},
	Year = {2010}}

@article{imai:keel:yama:10,
	Author = {Imai, Kosuke and Keele, Luke and Yamamoto, Teppei},
	Journal = {Statistical Science},
	Month = {February},
	Number = {1},
	Pages = {51--71},
	Title = {Identification, Inference, and Sensitivity Analysis for Causal Mediation Effects},
	Volume = {25},
	doi = {10.1214/10-STS321},
	Year = {2010}}

@misc{imai:keel:yama:10a,
	Author = {Imai, Kosuke and Keele, Luke and Yamamoto, Teppei},
	Howpublished = {hdl:1902.1/14412},
	Note = {The Dataverse Network},
	Title = {Replication data for: Identification, Inference, and Sensitivity Analysis for Causal Mediation Effects},
	Year = {2010}}

@Article{imai:khan:16,
  author = 	 {Imai, Kosuke and Khanna, Kabir},
  title = 	 {Improving Ecological Inference by Predicting Individual Ethnicity from Voter Registration Record},
  journal = 	 {Political Analysis},
  year = 	 {2016},
  OPTkey = 	 {},
  volume = 	 {24},
  number = 	 {2},
  pages = 	 {263--272},
  month = 	 {Spring},
  OPTnote = 	 {},
  OPTannote = 	 {}
}

@TechReport{imai:kim:11,
  author = 	 {Imai, Kosuke and Kim, In Song},
  title = 	 {On the Use of Linear Fixed Effects Regression Models for Causal Inference},
  institution =  {Princeton University},
  year = 	 {2011},
  OPTkey = 	 {},
  OPTtype = 	 {},
  OPTnumber = 	 {},
  OPTaddress = 	 {},
  OPTmonth = 	 {},
  OPTnote = 	 {},
  OPTannote = 	 {}
}

@article{imai:kim:19,
	author = {Imai, Kosuke and Kim, In Song},
	title = {When Should We Use Linear Unit Fixed Effects Regression Models for Causal Inference with Longitudinal Data?}, 
	year = {2019},
	journal = {American Journal of Political Science},
	volume = {63},
	number = {2},
        month = {April},
	pages = {467--490}
	}

@Article{imai:kim:21,
  author = 	 {Imai, Kosuke and Kim, In Song},
  title = 	 {On the Use of Two-way Fixed Effects Regression Models for Causal Inference with Panel Data},
  journal = 	 {Political Analysis},
  year = 	 {2021},
  OPTkey = 	 {},
  volume = 	 {29},
  number = 	 {3},
  pages = 	 {405--415},
  month = 	 {July},
  OPTnote = 	 {},
  OPTannote = 	 {}
}

@Unpublished{imai:kim:wang:18,
  author = 	 {Imai, Kosuke and Kim, In Song and Wang, Erik},
  title = 	 {Matching Methods for Time-Series Cross-Sectional Data},
  note = 	 {Working paper available at \url{https://imai.fas.harvard.edu/research/tscs.html}},
  OPTkey = 	 {},
  OPTmonth = 	 {},
  year = 	 {2018},
  OPTannote = 	 {}
}


@article{imai:king:04,
	Author = {Imai, Kosuke and King, Gary},
	Journal = {Perspectives on Politics},
	Month = {September},
	Number = {3},
	Pages = {537--549},
	Title = {Did Illegal Overseas Absentee Ballots Decide the 2000 {U.S.} Presidential Election?},
	Volume = {2},
	Year = {2004}}

@article{imai:king:lau:08,
	Author = {Imai, Kosuke and King, Gary and Lau, Olivia},
	Journal = {Journal of Computational and Graphical Statistics},
	Month = {December},
	Number = {4},
	Pages = {892--913},
	Title = {Toward A Common Framework of Statistical Analysis and Development},
	Volume = {17},
	Year = {2008}}

@misc{imai:king:lau:08S,
	Author = {Imai, Kosuke and King, Gary and Lau, Olivia},
	Howpublished = {available at the {Comprehensive R Archive Network (CRAN)}},
	Note = {\url{https://CRAN.R-project.org/package=Zelig}},
	Title = {Zelig: Everyone's Statistical Software},
	Year = {2008}}

@article{imai:king:nall:09,
	Author = {Imai, Kosuke and King, Gary and Nall, Clayton},
	Journal = {Statistical Science},
	Month = {February},
	Number = {1},
	Pages = {29--53},
	Title = {The Essential Role of Pair Matching in Cluster-Randomized Experiments, with Application to the {M}exican Universal Health Insurance Evaluation (with discussions)},
	Volume = {24},
	Year = {2009}}

@article{imai:king:nall:09a,
	Author = {Imai, Kosuke and King, Gary and Nall, Clayton},
	Journal = {Statistical Science},
	Month = {February},
	Number = {1},
	Pages = {65--72},
	Title = {Rejoinder: Matched Pairs and the Future of Cluster-Randomized Experiments},
	Volume = {24},
	Year = {2009}}

@article{imai:king:stua:08,
	Author = {Imai, Kosuke and King, Gary and Stuart, Elizabeth A.},
	Journal = {Journal of the Royal Statistical Society, {Series A} (Statistics in Society)},
	Month = {April},
	Number = {2},
	Pages = {481--502},
	Title = {Misunderstandings among Experimentalists and Observationalists about Causal Inference},
	Volume = {171},
	Year = {2008}}

@TechReport{imai:king:vela:16,
  author = 	 {Imai, Kosuke and King, Gary and {Velasco Rivera}, Carlos},
  title = 	 {Do Nonpartisan Programmatic Policies Have Partisan Electoral Effects? Evidence from Two Large Scale Randomized Experiments},
  institution =  {Department of Politics, Princeton University},
  year = 	 {2016},
  OPTkey = 	 {},
  OPTtype = 	 {},
  OPTnumber = 	 {},
  OPTaddress = 	 {},
  OPTmonth = 	 {},
  OPTnote = 	 {},
  OPTannote = 	 {}
}

@Article{imai:li:21,
  author = 	 {Imai, Kosuke and Li, Michael Lingzhi},
  title = 	 {Experimental Evaluation of Individualized Treatment Rules},
  journal = 	 {Journal of the American Statistical Association},
  year = 	 {2023},
  OPTkey = 	 {},
  volume = 	 {118},
  number = 	 {541},
  pages = 	 {242--256},
  OPTmonth = 	 {},
  OPTnote = 	 {},
  OPTannote = 	 {}
}

@misc{imai:lo:olms:15,
	Author = {Imai, Kosuke and Lo, James and Olmsted, Jonathan},
	Howpublished = {available at the {Comprehensive R Archive Network (CRAN)}},
	Note = {\url{https://CRAN.R-project.org/package=emIRT}},
	Title = {emIRT: EM Algorithms for Estimating Item Response Theory Models},
	Year = {2015}}

@Article{imai:lo:olms:16,
  author = 	 {Imai, Kosuke and Lo, James and Olmsted, Jonathan},
  title = 	 {Fast Estimation of Ideal Points with Massive Data},
  journal = 	 {American Political Science Review},
  year = 	 {2016},
  OPTkey = 	 {},
  volume = 	 {110},
  number = 	 {4},
  pages = 	 {631--656},
  month = 	 {December},
  OPTnote = 	 {},
  OPTannote = 	 {}
}

@article{imai:lu:stra:08,
	Author = {Imai, Kosuke and Lu, Ying and Strauss, Aaron},
	Journal = {Political Analysis},
	Month = {Winter},
	Number = {1},
	Pages = {41--69},
	Title = {Bayesian and Likelihood Inference for $2 \times 2$ Ecological Tables: An Incomplete Data Approach},
	Volume = {16},
	Year = {2008}}

@article{imai:lu:stra:11,
	Author = {Imai, Kosuke and Lu, Ying and Strauss, Aaron},
	Journal = {Journal of Statistical Software},
	Month = {June},
	Note = {Software available at {T}he {C}omprehensive {R} {A}rchive {N}etwork, \url{https://CRAN.R-project.org/package=eco}},
	Number = {5},
	Pages = {1--23},
	Title = {{eco}: {R} package for Ecological Inference in $2 \times 2$ Tables},
	Volume = {42},
	Year = {2011}}

@Misc{imai:park:gree:14a,
  OPTkey = 	 {},
  author = 	 {Imai, Kosuke and Park, Bethany and Greene, Kenneth F.},
  title = 	 {Replication data for: Using the Predicted Responses from List Experiments as Explanatory Variables in Regression Models},
  howpublished = {\url{https://dx.doi.org/10.7910/DVN/27083}},
  OPTmonth = 	 {},
  year = 	 {2014},
  note = 	 {The Dataverse Network},
  OPTannote = 	 {}
}

@article{imai:park:gree:15,
  author = 	 {Imai, Kosuke and Park, Bethany and Greene, Kenneth F.},
  title = 	 {Using the Predicted Responses from List Experiments as Explanatory Variables in Regression Models},
  journal =  {Political Analysis},
  year = 	 {2015},
  volume = 	 {23},
  number = 	 {2},
  pages = 	 {180--196},
  month = 	 {Spring},
  OPTannote = 	 {}
}

@article{imai:ratk:13,
	Author = {Imai, Kosuke and Ratkovic, Marc},
	Journal = {Annals of Applied Statistics},
	Title = {Estimating Treatment Effect Heterogeneity in Randomized Program Evaluation},
	Year = {2013},
        Volume = {7},
        Number = {1},
        Month = {March},
        Pages = {443--470}}

@article{imai:ratk:14,
	Author = {Imai, Kosuke and Ratkovic, Marc},
	Title = {Covariate Balancing Propensity Score},
	Year = {2014},
        Journal = {Journal of the Royal Statistical Society, {Series
                  B} (Statistical Methodology)},
        Volume = {76},
        Number = {1},
        Month = {January},
        Pages = {243--263}
}

@article{imai:ratk:15,
  author = 	 {Imai, Kosuke and Ratkovic, Marc},
  title = 	 {Robust Estimation of Inverse Probability Weights for
  Marginal Structural Models},
  year = 	 {2015},
  journal =      {Journal of the American Statistical Association},
  pages = 	 {1013--1023},
  month = 	 {September},
  Volume = 	 {110},
  Number = 	 {511}
}

@article{imai:sone:07,
	Author = {Imai, Kosuke and Soneji, Samir},
	Journal = {Journal of the American Statistical Association},
	Month = {December},
	Number = {480},
	Pages = {1199--1211},
	Title = {On the Estimation of Disability-Free Life Expectancy: {S}ullivan's Method and Its Extension},
	Volume = {102},
	Year = {2007}}

@article{imai:stra:11,
	Author = {Imai, Kosuke and Strauss, Aaron},
	Journal = {Political Analysis},
	Month = {Winter},
	Number = {1},
	Pages = {1--19},
	Title = {Estimation of Heterogeneous Treatment Effects from Randomized Experiments, with Application to the Optimal Planning of the Get-out-the-vote Campaign},
	Volume = {19},
	Year = {2011}}

@misc{imai:ting:11a,
	Author = {Imai, Kosuke and Tingley, Dustin},
	Howpublished = {hdl:1902.1/16378},
	Note = {The Dataverse Network},
	Title = {Replication data for: A Statistical Method for Empirical Testing of Competing Theories},
	Year = {2011}}

@article{imai:ting:12,
	Author = {Imai, Kosuke and Tingley, Dustin},
	Journal = {American Journal of Political Science},
	Month = {January},
	Number = {1},
	Pages = {218--236},
	Title = {A Statistical Method for Empirical Testing of Competing Theories},
	Volume = {56},
	Year = {2012}}

@misc{imai:ting:yama:11a,
	Author = {Imai, Kosuke and Tingley, Dustin and Yamamoto, Teppei},
	Howpublished = {hdl:1902.1/16416},
	Note = {The Dataverse Network},
	Title = {Replication data for: Experimental Designs for Identifying Causal Mechanisms},
	Year = {2011}}

@article{imai:ting:yama:13,
	Author = {Imai, Kosuke and Tingley, Dustin and Yamamoto, Teppei},
	Journal = {Journal of the Royal Statistical Society, {Series A} (Statistics in Society)},
        Number = {1},
	Pages = {5--51},
	Title = {Experimental Designs for Identifying Causal Mechanisms (with discussions)},
	Volume = {176},
        Month = {January},
	Year = {2013}}

@article{imai:vand:04,
	Author = {Imai, Kosuke and van Dyk, David A.},
	Journal = {Journal of the American Statistical Association},
	Month = {September},
	Number = {467},
	Pages = {854--866},
	Title = {Causal Inference with General Treatment Regimes: Generalizing the Propensity Score},
	Volume = {99},
	Year = {2004}}

@article{imai:vand:05,
	Author = {Imai, Kosuke and van Dyk, David A.},
	Journal = {Journal of Econometrics},
	Month = {February},
	Number = {2},
	Pages = {311--334},
	Title = {A {B}ayesian Analysis of the Multinomial Probit Model Using Marginal Data Augmentation},
	Volume = {124},
	Year = {2005}}

@article{imai:vand:05a,
	Author = {Imai, Kosuke and van Dyk, David A.},
	Journal = {Journal of Statistical Software},
	Month = {May},
	Note = {Software available at the {C}omprehensive {R} {A}rchive {N}etwork, \url{https://cran.r-project.org/package=MNP}},
	Number = {3},
	Pages = {1--32},
	Title = {{MNP}: {R} Package for Fitting the Multinomial Probit Model},
	Volume = {14},
	Year = {2005}}

@article{imai:yama:10,
	Author = {Imai, Kosuke and Yamamoto, Teppei},
	Journal = {American Journal of Political Science},
	Month = {April},
	Number = {2},
	Pages = {543--560},
	Title = {Causal Inference with Differential Measurement Error: Nonparametric Identification and Sensitivity Analysis},
	Volume = {54},
	Year = {2010}}

@misc{imai:yama:12a,
	Author = {Imai, Kosuke and Yamamoto, Teppei},
	Howpublished = {hdl:1902.1/19036},
	Note = {The Dataverse Network},
	Title = {Replication data for: Identification and Sensitivity Analysis for Multiple Causal Mechanisms: Revisiting Evidence from Framing Experiments},
	Year = {2012}}

@article{imai:yama:13,
	Author = {Imai, Kosuke and Yamamoto, Teppei},
	Journal = {Political Analysis},
	Title = {Identification and Sensitivity Analysis for Multiple Causal Mechanisms: Revisiting Evidence from Framing Experiments},
	Year = {2013},
        Volume = {21},
        Number = {2},
        Month = {Spring},
        Pages = {141--171}}

@article{kenn:etal:21,
  author = 	 {Kenny, Christopher T. and Kuriwaki, Shiro and McCartan, Cory and Rosenman, Evan and Simko, Tyler and Imai, Kosuke},
  title = 	 {The Use of Differential Privacy for Census Data and its Impact on Redistricting: The Case of the 2020 U.S. Census},
  journal = 	 {Science Advances},
  year = 	 {2021},
  OPTkey = 	 {},
  volume = 	 {7},
  number = 	 {41},
  pages = 	 {1--17},
  month = 	 {October},
  OPTnote = 	 {},
  OPTannote = 	 {}
}

@misc{kim:imai:12,
	Author = {Kim, In Song and Imai, Kosuke},
	Howpublished = {available at the {Comprehensive R Archive Network (CRAN)}},
	Note = {\url{https://CRAN.R-project.org/package=wfe}},
	Title = {wfe: Weighted Linear Fixed Effects Regression Models for Causal Inference},
	Year = {2012}}

@article{kim:liau:imai:20,
  author = 	 {Kim, In Song and Liao, Steven and Imai, Kosuke},
  title = 	 {Measuring Trade Profiles with Two Billion Observations of Product Trade},
  journal =  {American Journal of Political Science},
  year = 	 {2020},
  OPTkey = 	 {},
  volume = 	 {64},
  OPTnumber = 	 {1},
  OPTaddress = 	 {},
  month = 	 {January},
  pages = 	 {102--117},
  OPTannote = 	 {}
}

@article{king:etal:09,
	Author = {King, Gary and Gakidou, Emmanuela and Imai, Kosuke and Lakin, Jason and Moore, Ryan T. and Ravishankar, Nirmala and Vargas, Manett and T{\'e}llez-Rojo, Martha Mar{\'\i}a and Hern{\'a}ndez {\'A}vila, Juan Eugenio and Hern{\'a}ndez {\'A}vila, Mauricio and Hern{\'a}ndez Llamas, H{\'e}ctor},
	Journal = {The Lancet},
	Month = {April},
	Number = {9673},
	Pages = {1447--1454},
	Title = {Public Policy for the Poor? A Randomised Assessment of the {M}exican Universal Health Insurance Programme},
	Volume = {373},
	Year = {2009}}

@article{lyal:blai:imai:13,
	Author = {Lyall, Jason and Blair, Graeme and Imai, Kosuke},
	Journal = {American Political Science Review},
	Title = {Explaining Support for Combatants during Wartime: A Survey Experiment in {A}fghanistan},
	Year = {2013},
        Volume = {107},
        Number = {4},
        Month = {November},
        Pages = {679--705}}

@article{lyal:imai:shir:15,
  author = 	 {Lyall, Jason and Imai, Kosuke and Shiraito, Yuki},
  title = 	 {Coethnic Bias and Wartime Informing},
  journal = 	 {Journal of Politics},
  volume = 	 {77},
  month = 	 {July},
  year = 	 {2015},
  number =       {3},
  pages = 	 {833--848}
}

@article{ning:peng:imai:20,
  author = 	 {Ning, Yang and Peng, Sida and Imai, Kosuke},
  title = 	 {Robust Estimation of Causal Effects via High-Dimensional Covariate Balancing Propensity Score},
  journal =  {Biometrika},
  year = 	 {2020},
  volume = 	 {107},
  number = 	 {3},
  pages = 	 {533--554},
  month = 	 {September},
  OPTnote = 	 {},
  OPTannote = 	 {}
}

@article{oliv:prat:imai:22,
  author = 	 {Olivella, Santiago and Pratt, Tyler and Imai, Kosuke},
  title = 	 {Dynamic Stochastic Blockmodel Regression for Social Networks: Application to International Conflicts},
  journal =  {Journal of the American Statistical Association},
  year = 	 {2022},
  volume = 	 {117},
  pages = 	 {1068--1081},
  number = 	 {539},
  OPTaddress = 	 {},
  OPTmonth = 	 {},
  OPTnote = 	 {},
  OPTannote = 	 {}
}

@misc{rose:imai:shap:15a,
	Author = {Rosenfeld, Bryn and Imai, Kosuke and Shapiro, Jacob},
	Howpublished = {\url{https://dx.doi.org/10.7910/DVN/29911}},
	Note = {The Dataverse Network},
	Title = {Replication data for: An Empirical Validation Study of Popular Survey Methodologies for Sensitive Questions},
	Year = {2015}}

@article{rose:imai:shap:16,
  author = 	 {Rosenfeld, Bryn and Imai, Kosuke and Shapiro, Jacob},
  title = 	 {An Empirical Validation Study of Popular Survey Methodologies for Sensitive Questions},
  journal = {American Journal of Political Science},
  volume = 	 {60},
  number =       {3},
  month = 	 {July},
  year = 	 {2016},
  pages = 	 {783--802}
}

@misc{shir:imai:15,
	Author = {Shiraito, Yuki and Imai, Kosuke},
	Howpublished = {available at the {Comprehensive R Archive Network (CRAN)}},
	Note = {\url{https://CRAN.R-project.org/package=endorse}},
	Title = {endorse: R Package for Analyzing Endorsement Experiments},
	Year = {2015}}

@INPROCEEDINGS{svya:imai:kroe:shir:16, 
author={Svyatkovskiy, Alexey and Imai, Kosuke and Kroeger, Mary and Shiraito, Yuki}, 
booktitle={IEEE International Conference on Big Data}, 
title={Large-scale text processing pipeline with {Apache Spark}}, 
year={2016}, 
pages={3928-3935}, 
doi={10.1109/BigData.2016.7841068}, 
month={December}}

@Misc{tarr:etal:22,
  OPTkey = 	 {},
  author = 	 {Tarr, Alexander and Imai, Kosuke and Hwang, June},
  OPTtitle = 	 {Replication Data for: Automated Coding of Political Campaign Advertisement Videos: An Empirical Validation Study},
  howpublished = {\url{https://doi.org/10.7910/DVN/6SWKPR}, Harvard Dataverse, V1},
  OPTmonth = 	 {},
  year = 	 {2022},
  OPTnote = 	 {},
  OPTannote = 	 {}
} 

@article{ting:etal:14,
	Author = {Tingley, Dustin and Yamamoto, Teppei and Hirose, Kentaro and Keele, Luke and Imai, Kosuke},
	Journal = {Journal of Statistical Software},
	Month = {August},
	Note = {Software available at {T}he {C}omprehensive {R} {A}rchive {N}etwork, \url{https://CRAN.R-project.org/package=mediation}},
	Number = {5},
	Pages = {1--38},
	Title = {mediation: {R} Package for Causal Mediation Analysis},
	Volume = {59},
	Year = {2014}}