

@article{sweeney2000simple,
  title={Simple demographics often identify people uniquely},
  author={Sweeney, Latanya},
  journal={Health (San Francisco)},
  volume={671},
  number={2000},
  pages={1--34},
  year={2000}
}

@inproceedings{abadi2016deep,
  title={Deep learning with differential privacy},
  author={Abadi, Martin and Chu, Andy and Goodfellow, Ian and McMahan, H Brendan and Mironov, Ilya and Talwar, Kunal and Zhang, Li},
  booktitle={Proceedings of the 2016 ACM SIGSAC Conference on Computer and Communications Security},
  pages={308--318},
  year={2016}
}

@article{drogkaris2021,
  title = {Data Pseudonymisation: Advanced Techniques \& Use Cases},
  author = {Drogkaris, Prokopios and Bourka, Athena},
  year = {2021},
  doi = {10.2824/860099},
  file = {/home/jrauch/.zotero/zotero/storage/8G9ZJRID/Drogkaris - 2021 - data pseudonymisation advanced techniques & use c.pdf},
  journal = {European Union Agency for Cybersecurity (ENISA)},
  language = {en}
}

@article{yang2019federated,
  title={Federated machine learning: Concept and applications},
  author={Yang, Qiang and Liu, Yang and Chen, Tianjian and Tong, Yongxin},
  journal={ACM Transactions on Intelligent Systems and Technology (TIST)},
  volume={10},
  number={2},
  pages={1--19},
  year={2019},
  publisher={ACM New York, NY, USA}
}

@article{prasser2020flexible,
  title={Flexible data anonymization using ARX—Current status and challenges ahead},
  author={Prasser, Fabian and Eicher, Johanna and Spengler, Helmut and Bild, Raffael and Kuhn, Klaus A},
  journal={Software: Practice and Experience},
  volume={50},
  number={7},
  pages={1277--1304},
  year={2020},
  publisher={Wiley Online Library}
}

@article{ryffel2018genericPysyft,
  title={A generic framework for privacy preserving deep learning},
  author={Ryffel, Theo and Trask, Andrew and Dahl, Morten and Wagner, Bobby and Mancuso, Jason and Rueckert, Daniel and Passerat-Palmbach, Jonathan},
  journal={arXiv preprint arXiv:1811.04017},
  year={2018}
}

@misc{anonimatron, 
title={GDPR compliant testing.}, 
url={https://realrolfje.github.io/anonimatron/}, 
author={Anonimatron},
journal={Anonimatron},
publisher={Realrolfje},
year={2015}
}

@article{Synthea10.1093/jamia/ocx079,
    author = {Walonoski, Jason and Kramer, Mark and Nichols, Joseph and Quina, Andre and Moesel, Chris and Hall, Dylan and Duffett, Carlton and Dube, Kudakwashe and Gallagher, Thomas and McLachlan, Scott},
    title = "{Synthea: An approach, method, and software mechanism for generating synthetic patients and the synthetic electronic health care record}",
    journal = {Journal of the American Medical Informatics Association},
    volume = {25},
    number = {3},
    pages = {230-238},
    year = {2017},
    month = {08},
    issn = {1527-974X},
    doi = {10.1093/jamia/ocx079},
    url = {https://doi.org/10.1093/jamia/ocx079},
    eprint = {https://academic.oup.com/jamia/article-pdf/25/3/230/24151869/ocx079.pdf},
}

@article{CynthiaDwork10.1561/0400000042,
author = {Dwork, Cynthia and Roth, Aaron},
title = {The Algorithmic Foundations of Differential Privacy},
year = {2014},
issue_date = {August 2014},
publisher = {Now Publishers Inc.},
address = {Hanover, MA, USA},
volume = {9},
number = {3–4},
issn = {1551-305X},
url = {https://doi.org/10.1561/0400000042},
doi = {10.1561/0400000042},
journal = {Found. Trends Theor. Comput. Sci.},
month = aug,
pages = {211–407},
numpages = {197}
}

@article{Stanley10.2307/2283137,
 ISSN = {01621459},
 URL = {http://www.jstor.org/stable/2283137},
 author = {Stanley L. Warner},
 journal = {Journal of the American Statistical Association},
 number = {309},
 pages = {63--69},
 publisher = {[American Statistical Association, Taylor & Francis, Ltd.]},
 title = {Randomized Response: A Survey Technique for Eliminating Evasive Answer Bias},
 volume = {60},
 year = {1965}
}

@article{mendes2017privacy,
  title={Privacy-preserving data mining: methods, metrics, and applications},
  author={Mendes, Ricardo and Vilela, Jo{\~a}o P},
  journal={IEEE Access},
  volume={5},
  pages={10562--10582},
  year={2017},
  publisher={IEEE}
}

@article{ji2014differential,
  title={Differential privacy and machine learning: a survey and review},
  author={Ji, Zhanglong and Lipton, Zachary C and Elkan, Charles},
  journal={arXiv preprint arXiv:1412.7584},
  year={2014}
}

@article{aamot2013pseudonymization,
  title={Pseudonymization of patient identifiers for translational research},
  author={Aamot, Harald and Kohl, Christian Dominik and Richter, Daniela and Knaup-Gregori, Petra},
  journal={BMC medical informatics and decision making},
  volume={13},
  number={1},
  pages={1--15},
  year={2013},
  publisher={BioMed Central}
}

@article{pommerening1996pseudonyms,
  title={Pseudonyms for cancer registries},
  author={Pommerening, K and Miller, M and Schmidtmann, I and Michaelis, J},
  journal={Methods of information in medicine},
  volume={35},
  number={02},
  pages={112--121},
  year={1996},
  publisher={Schattauer GmbH}
}

@article{neubauer2011methodology,
  title={A methodology for the pseudonymization of medical data},
  author={Neubauer, Thomas and Heurix, Johannes},
  journal={International journal of medical informatics},
  volume={80},
  number={3},
  pages={190--204},
  year={2011},
  publisher={Elsevier}
}

@inproceedings{dube2013approach,
  title={Approach and method for generating realistic synthetic electronic healthcare records for secondary use},
  author={Dube, Kudakwashe and Gallagher, Thomas},
  booktitle={International Symposium on Foundations of Health Informatics Engineering and Systems},
  pages={69--86},
  year={2013},
  organization={Springer}
}

@article{kohlmayer2019pseudonymization,
  title={Pseudonymization for research data collection: is the juice worth the squeeze?},
  author={Kohlmayer, Florian and Lautenschl{\"a}ger, Ronald and Prasser, Fabian},
  journal={BMC medical informatics and decision making},
  volume={19},
  number={1},
  pages={178},
  year={2019},
  publisher={Springer}
}

@inproceedings{zimmer2020peepll,
  title={PEEPLL: privacy-enhanced event pseudonymisation with limited linkability},
  author={Zimmer, Ephraim and Burkert, Christian and Petersen, Tom and Federrath, Hannes},
  booktitle={Proceedings of the 35th Annual ACM Symposium on Applied Computing},
  pages={1308--1311},
  year={2020}
}

@article{tang2018predictive,
  title={Predictive modeling in urgent care: a comparative study of machine learning approaches},
  author={Tang, Fengyi and Xiao, Cao and Wang, Fei and Zhou, Jiayu},
  journal={Jamia Open},
  volume={1},
  number={1},
  pages={87--98},
  year={2018},
  publisher={Oxford University Press}
}

@inproceedings{pakbin2018prediction,
  title={Prediction of ICU readmissions using data at patient discharge},
  author={Pakbin, Arash and Rafi, Parvez and Hurley, Nate and Schulz, Wade and Krumholz, M Harlan and Mortazavi, J Bobak},
  booktitle={2018 40th Annual International Conference of the IEEE Engineering in Medicine and Biology Society (EMBC)},
  pages={4932--4935},
  year={2018},
  organization={IEEE}
}

@article{johnson2016mimic,
  title={MIMIC-III, a freely accessible critical care database},
  author={Johnson, Alistair EW and Pollard, Tom J and Shen, Lu and Li-Wei, H Lehman and Feng, Mengling and Ghassemi, Mohammad and Moody, Benjamin and Szolovits, Peter and Celi, Leo Anthony and Mark, Roger G},
  journal={Scientific data},
  volume={3},
  number={1},
  pages={1--9},
  year={2016},
  publisher={Nature Publishing Group}
}

@article{guntuku2020tracking,
  title={Tracking mental health and symptom mentions on twitter during covid-19},
  author={Guntuku, Sharath Chandra and Sherman, Garrick and Stokes, Daniel C and Agarwal, Anish K and Seltzer, Emily and Merchant, Raina M and Ungar, Lyle H},
  journal={Journal of general internal medicine},
  volume={35},
  number={9},
  pages={2798--2800},
  year={2020},
  publisher={Springer}
}

@article{sweeney2002achieving,
  title={Achieving k-anonymity privacy protection using generalization and suppression},
  author={Sweeney, Latanya},
  journal={International Journal of Uncertainty, Fuzziness and Knowledge-Based Systems},
  volume={10},
  number={05},
  pages={571--588},
  year={2002},
  publisher={World Scientific}
}

@article{cite135engelstad2011deidentification,
  title={Deidentification of facial images using composites},
  author={Engelstad, Mark E and McClellan, Molly and Jacko, Julie A and Melton, Genevieve B},
  journal={Journal of oral and maxillofacial surgery},
  volume={69},
  number={12},
  pages={3026--3031},
  year={2011},
  publisher={Elsevier}
}

@article{cite137bischoff2007technique,
  title={A technique for the deidentification of structural brain MR images},
  author={Bischoff-Grethe, Amanda and Ozyurt, I Burak and Busa, Evelina and Quinn, Brian T and Fennema-Notestine, Christine and Clark, Camellia P and Morris, Shaunna and Bondi, Mark W and Jernigan, Terry L and Dale, Anders M and others},
  journal={Human brain mapping},
  volume={28},
  number={9},
  pages={892--903},
  year={2007},
  publisher={Wiley Online Library}
}

@article{cite1jeong2020identification,
  title={De-Identification of Facial Features in Magnetic Resonance Images: Software Development Using Deep Learning Technology},
  author={Jeong, Yeon Uk and Yoo, Soyoung and Kim, Young-Hak and Shim, Woo Hyun},
  journal={Journal of medical Internet research},
  volume={22},
  number={12},
  pages={e22739},
  year={2020},
  publisher={JMIR Publications Inc., Toronto, Canada}
}

@article{cite136prior2008facial,
  title={Facial recognition from volume-rendered magnetic resonance imaging data},
  author={Prior, Fred W and Brunsden, Barry and Hildebolt, Charles and Nolan, Tracy S and Pringle, Michael and Vaishnavi, S Neil and Larson-Prior, Linda J},
  journal={IEEE Transactions on Information Technology in Biomedicine},
  volume={13},
  number={1},
  pages={5--9},
  year={2008},
  publisher={IEEE}
}

@article{cite138clark2009collecting,
  title={Collecting 48,000 CT exams for the lung screening study of the National Lung Screening Trial},
  author={Clark, Kenneth W and Gierada, David S and Marquez, Guillermo and Moore, Stephen M and Maffitt, David R and Moulton, Joan D and Wolfsberger, Mary A and Koppel, Paul and Phillips, Stanley R and Prior, Fred W},
  journal={Journal of digital imaging},
  volume={22},
  number={6},
  pages={667--680},
  year={2009},
  publisher={Springer}
}

@article{cite139bland2007web,
  title={A web-based interface for communication of data between the clinical and research environments without revealing identifying information},
  author={Bland, Peyton H and Laderach, Gary E and Meyer, Charles R},
  journal={Academic radiology},
  volume={14},
  number={6},
  pages={757--764},
  year={2007},
  publisher={Elsevier}
}

@article{cite140gonzalez2010open,
  title={An open source toolkit for medical imaging de-identification},
  author={Gonz{\'a}lez, David Rodr{\'\i}guez and Carpenter, Trevor and van Hemert, Jano I and Wardlaw, Joanna},
  journal={European radiology},
  volume={20},
  number={8},
  pages={1896--1904},
  year={2010},
  publisher={Springer}
}

@article{cite1monteiro2017identification,
  title={A de-identification pipeline for ultrasound medical images in DICOM format},
  author={Monteiro, Eriksson and Costa, Carlos and Oliveira, Jos{\'e} Lu{\'\i}s},
  journal={Journal of medical systems},
  volume={41},
  number={5},
  pages={89},
  year={2017},
  publisher={Springer}
}

@article{cite142gulcher2000protection,
  title={Protection of privacy by third-party encryption in genetic research in Iceland},
  author={Gulcher, Jeffrey R and Kristj{\'a}nsson, Kristleifur and Gudbjartsson, H{\'a}kon and Stef{\'a}nsson, K{\'a}ri},
  journal={European journal of human genetics},
  volume={8},
  number={10},
  pages={739--742},
  year={2000},
  publisher={Nature Publishing Group}
}

@article{cite2lee2017utility,
  title={Utility-preserving anonymization for health data publishing},
  author={Lee, Hyukki and Kim, Soohyung and Kim, Jong Wook and Chung, Yon Dohn},
  journal={BMC medical informatics and decision making},
  volume={17},
  number={1},
  pages={1--12},
  year={2017},
  publisher={BioMed Central}
}

@article{cite24sweeney2002k,
  title={k-anonymity: A model for protecting privacy},
  author={Sweeney, Latanya},
  journal={International Journal of Uncertainty, Fuzziness and Knowledge-Based Systems},
  volume={10},
  number={05},
  pages={557--570},
  year={2002},
  publisher={World Scientific}
}

@article{olatunji2021membership,
  title={Membership Inference Attack on Graph Neural Networks},
  author={Olatunji, Iyiola E and Nejdl, Wolfgang and Khosla, Megha},
  journal={arXiv preprint arXiv:2101.06570},
  year={2021}
}

@article{cite28sweeney2002achieving,
  title={Achieving k-anonymity privacy protection using generalization and suppression},
  author={Sweeney, Latanya},
  journal={International Journal of Uncertainty, Fuzziness and Knowledge-Based Systems},
  volume={10},
  number={05},
  pages={571--588},
  year={2002},
  publisher={World Scientific}
}

@article{cite29nergiz2014hybrid,
  title={Hybrid k-anonymity},
  author={Nergiz, Mehmet Ercan and G{\"o}k, Muhammed Zahit},
  journal={Computers \& security},
  volume={44},
  pages={51--63},
  year={2014},
  publisher={Elsevier}
}

@article{cite27kieseberg2016tamper,
  title={A tamper-proof audit and control system for the doctor in the loop},
  author={Kieseberg, Peter and Malle, Bernd and Fr{\"u}hwirt, Peter and Weippl, Edgar and Holzinger, Andreas},
  journal={Brain Informatics},
  volume={3},
  number={4},
  pages={269--279},
  year={2016},
  publisher={Springer}
}

@article{cite2li2010slicing,
  title={Slicing: A new approach for privacy preserving data publishing},
  author={Li, Tiancheng and Li, Ninghui and Zhang, Jian and Molloy, Ian},
  journal={IEEE transactions on knowledge and data engineering},
  volume={24},
  number={3},
  pages={561--574},
  year={2010},
  publisher={IEEE}
}

@inproceedings{cite2aggarwal2005k,
  title={On k-anonymity and the curse of dimensionality},
  author={Aggarwal, Charu C},
  booktitle={VLDB},
  volume={5},
  pages={901--909},
  year={2005}
}

@inproceedings{cite2kifer2006injecting,
  title={Injecting utility into anonymized datasets},
  author={Kifer, Daniel and Gehrke, Johannes},
  booktitle={Proceedings of the 2006 ACM SIGMOD international conference on Management of data},
  pages={217--228},
  year={2006}
}

@book{cite211fung2010introduction,
  title={Introduction to privacy-preserving data publishing: Concepts and techniques},
  author={Fung, Benjamin CM and Wang, Ke and Fu, Ada Wai-Chee and Philip, S Yu},
  year={2010},
  publisher={CRC Press}
}

@article{cite3majeed2019attribute,
  title={Attribute-centric anonymization scheme for improving user privacy and utility of publishing e-health data},
  author={Majeed, Abdul},
  journal={Journal of King Saud University-Computer and Information Sciences},
  volume={31},
  number={4},
  pages={426--435},
  year={2019},
  publisher={Elsevier}
}

@article{cite3machanavajjhala2007diversity,
  title={l-diversity: Privacy beyond k-anonymity},
  author={Machanavajjhala, Ashwin and Kifer, Daniel and Gehrke, Johannes and Venkitasubramaniam, Muthuramakrishnan},
  journal={ACM Transactions on Knowledge Discovery from Data (TKDD)},
  volume={1},
  number={1},
  pages={3--es},
  year={2007},
  publisher={ACM New York, NY, USA}
}

@inproceedings{cite3jian2008complete,
  title={A complete (alpha, k)-anonymity model for sensitive values individuation preservation},
  author={Jian-min, Han and Hui-qun, Yu and Juan, Yu and Ting-ting, Cen},
  booktitle={2008 International Symposium on Electronic Commerce and Security},
  pages={318--323},
  year={2008},
  organization={IEEE}
}

@inproceedings{cite3li2007t,
  title={t-closeness: Privacy beyond k-anonymity and l-diversity},
  author={Li, Ninghui and Li, Tiancheng and Venkatasubramanian, Suresh},
  booktitle={2007 IEEE 23rd International Conference on Data Engineering},
  pages={106--115},
  year={2007},
  organization={IEEE}
}

@article{cite3wernke2014classification,
  title={A classification of location privacy attacks and approaches},
  author={Wernke, Marius and Skvortsov, Pavel and D{\"u}rr, Frank and Rothermel, Kurt},
  journal={Personal and ubiquitous computing},
  volume={18},
  number={1},
  pages={163--175},
  year={2014},
  publisher={Springer}
}

@article{cite4majeed2017vulnerability,
  title={Vulnerability-and diversity-aware anonymization of personally identifiable information for improving user privacy and utility of publishing data},
  author={Majeed, Abdul and Ullah, Farman and Lee, Sungchang},
  journal={Sensors},
  volume={17},
  number={5},
  pages={1059},
  year={2017},
  publisher={Multidisciplinary Digital Publishing Institute}
}

@inproceedings{cite432lefevre2006mondrian,
  title={Mondrian multidimensional k-anonymity},
  author={LeFevre, Kristen and DeWitt, David J and Ramakrishnan, Raghu},
  booktitle={22nd International conference on data engineering (ICDE'06)},
  pages={25--25},
  year={2006},
  organization={IEEE}
}

@inproceedings{cite433xu2006utility,
  title={Utility-based anonymization using local recoding},
  author={Xu, Jian and Wang, Wei and Pei, Jian and Wang, Xiaoyuan and Shi, Baile and Fu, Ada Wai-Chee},
  booktitle={Proceedings of the 12th ACM SIGKDD international conference on Knowledge discovery and data mining},
  pages={785--790},
  year={2006}
}

@inproceedings{cite435li2008injector,
  title={Injector: Mining background knowledge for data anonymization},
  author={Li, Tiancheng and Li, Ninghui},
  booktitle={2008 IEEE 24th International Conference on Data Engineering},
  pages={446--455},
  year={2008},
  organization={IEEE}
}

@inproceedings{cite436du2008privacy,
  title={Privacy-maxent: integrating background knowledge in privacy quantification},
  author={Du, Wenliang and Teng, Zhouxuan and Zhu, Zutao},
  booktitle={Proceedings of the 2008 ACM SIGMOD international conference on Management of data},
  pages={459--472},
  year={2008}
}

@inproceedings{cite437wong2007minimality,
  title={Minimality attack in privacy preserving data publishing},
  author={Wong, Raymond Chi-Wing and Fu, Ada Wai-Chee and Wang, Ke and Pei, Jian},
  booktitle={Proceedings of the 33rd international conference on Very large data bases},
  pages={543--554},
  year={2007}
}

@inproceedings{cite438tao2008anti,
  title={On anti-corruption privacy preserving publication},
  author={Tao, Yufei and Xiao, Xiaokui and Li, Jiexing and Zhang, Donghui},
  booktitle={2008 IEEE 24th International Conference on Data Engineering},
  pages={725--734},
  year={2008},
  organization={IEEE}
}

@inproceedings{cite427zaman2016novel,
  title={A novel differential privacy approach that enhances classification accuracy},
  author={Zaman, ANK and Obimbo, Charlie and Dara, Rozita A},
  booktitle={Proceedings of the Ninth International C* Conference on Computer Science \& Software Engineering},
  pages={79--84},
  year={2016}
}

@inproceedings{cite441lefevre2006workload,
  title={Workload-aware anonymization},
  author={LeFevre, Kristen and DeWitt, David J and Ramakrishnan, Raghu},
  booktitle={Proceedings of the 12th ACM SIGKDD international conference on Knowledge discovery and data mining},
  pages={277--286},
  year={2006}
}

@article{cite442fung2007anonymizing,
  title={Anonymizing classification data for privacy preservation},
  author={Fung, Benjamin CM and Wang, Ke and Philip, S Yu},
  journal={IEEE transactions on knowledge and data engineering},
  volume={19},
  number={5},
  pages={711--725},
  year={2007},
  publisher={IEEE}
}

@article{cite443li2011information,
  title={Information based data anonymization for classification utility},
  author={Li, Jiuyong and Liu, Jixue and Baig, Muzammil and Wong, Raymond Chi-Wing},
  journal={Data \& Knowledge Engineering},
  volume={70},
  number={12},
  pages={1030--1045},
  year={2011},
  publisher={Elsevier}
}

@article{cite444kisilevich2009efficient,
  title={Efficient multidimensional suppression for k-anonymity},
  author={Kisilevich, Slava and Rokach, Lior and Elovici, Yuval and Shapira, Bracha},
  journal={IEEE Transactions on Knowledge and Data Engineering},
  volume={22},
  number={3},
  pages={334--347},
  year={2009},
  publisher={IEEE}
}

@inproceedings{cite412friedman2010data,
  title={Data mining with differential privacy},
  author={Friedman, Arik and Schuster, Assaf},
  booktitle={Proceedings of the 16th ACM SIGKDD international conference on Knowledge discovery and data mining},
  pages={493--502},
  year={2010}
}

@article{cite413soria2017individual,
  title={Individual differential privacy: A utility-preserving formulation of differential privacy guarantees},
  author={Soria-Comas, Jordi and Domingo-Ferrer, Josep and S{\'a}nchez, David and Meg{\'\i}as, David},
  journal={IEEE Transactions on Information Forensics and Security},
  volume={12},
  number={6},
  pages={1418--1429},
  year={2017},
  publisher={IEEE}
}

@article{cite414sarathy2011evaluating,
  title={Evaluating Laplace noise addition to satisfy differential privacy for numeric data.},
  author={Sarathy, Rathindra and Muralidhar, Krishnamurty},
  journal={Trans. Data Priv.},
  volume={4},
  number={1},
  pages={1--17},
  year={2011}
}

@inproceedings{cite415mcsherry2009privacy,
  title={Privacy integrated queries: an extensible platform for privacy-preserving data analysis},
  author={McSherry, Frank D},
  booktitle={Proceedings of the 2009 ACM SIGMOD International Conference on Management of data},
  pages={19--30},
  year={2009}
}


@inproceedings{cite416roy2010airavat,
  title={Airavat: Security and privacy for MapReduce.},
  author={Roy, Indrajit and Setty, Srinath TV and Kilzer, Ann and Shmatikov, Vitaly and Witchel, Emmett},
  booktitle={NSDI},
  volume={10},
  pages={297--312},
  year={2010}
}


@inproceedings{cite417mohan2012gupt,
  title={GUPT: privacy preserving data analysis made easy},
  author={Mohan, Prashanth and Thakurta, Abhradeep and Shi, Elaine and Song, Dawn and Culler, David},
  booktitle={Proceedings of the 2012 ACM SIGMOD International Conference on Management of Data},
  pages={349--360},
  year={2012}
}

@article{cite5domingo2002practical,
  title={Practical data-oriented microaggregation for statistical disclosure control},
  author={Domingo-Ferrer, Josep and Mateo-Sanz, Josep Maria},
  journal={IEEE Transactions on Knowledge and data Engineering},
  volume={14},
  number={1},
  pages={189--201},
  year={2002},
  publisher={IEEE}
}

@article{cite5oganian2001complexity,
  title={On the complexity of optimal microaggregation for statistical disclosure control},
  author={Oganian, Anna and Domingo-Ferrer, Josep},
  journal={Statistical Journal of the United Nations Economic Commission for Europe},
  volume={18},
  number={4},
  pages={345--353},
  year={2001},
  publisher={IOS Press}
}

@inproceedings{cite5backstrom2007wherefore,
  title={Wherefore art thou R3579X? Anonymized social networks, hidden patterns, and structural steganography},
  author={Backstrom, Lars and Dwork, Cynthia and Kleinberg, Jon},
  booktitle={Proceedings of the 16th international conference on World Wide Web},
  pages={181--190},
  year={2007}
}

@inproceedings{cite518zhou2008preserving,
  title={Preserving privacy in social networks against neighborhood attacks},
  author={Zhou, Bin and Pei, Jian},
  booktitle={2008 IEEE 24th International Conference on Data Engineering},
  pages={506--515},
  year={2008},
  organization={IEEE}
}

@inproceedings{cite517zheleva2007preserving,
  title={Preserving the privacy of sensitive relationships in graph data},
  author={Zheleva, Elena and Getoor, Lise},
  booktitle={International workshop on privacy, security, and trust in KDD},
  pages={153--171},
  year={2007},
  organization={Springer}
}

@inproceedings{cite58liu2008towards,
  title={Towards identity anonymization on graphs},
  author={Liu, Kun and Terzi, Evimaria},
  booktitle={Proceedings of the 2008 ACM SIGMOD international conference on Management of data},
  pages={93--106},
  year={2008}
}

@inproceedings{cite5narayanan2009anonymizing,
  title={De-anonymizing social networks},
  author={Narayanan, Arvind and Shmatikov, Vitaly},
  booktitle={2009 30th IEEE symposium on security and privacy},
  pages={173--187},
  year={2009},
  organization={IEEE}
}

@article{cite5beigi2018privacy,
  title={Privacy in social media: Identification, mitigation and applications},
  author={Beigi, Ghazaleh and Liu, Huan},
  journal={arXiv preprint arXiv:1808.02191},
  year={2018}
}

@article{cite5zou2009k,
  title={K-automorphism: A general framework for privacy preserving network publication},
  author={Zou, Lei and Chen, Lei and {\"O}zsu, M Tamer},
  journal={Proceedings of the VLDB Endowment},
  volume={2},
  number={1},
  pages={946--957},
  year={2009},
  publisher={VLDB Endowment}
}

@inproceedings{li2015differentially,
  title={Differentially private histogram publication for dynamic datasets: an adaptive sampling approach},
  author={Li, Haoran and Xiong, Li and Jiang, Xiaoqian and Liu, Jinfei},
  booktitle={Proceedings of the 24th ACM International on Conference on Information and Knowledge Management},
  pages={1001--1010},
  year={2015}
}

@inproceedings{cite5cheng2010k,
  title={K-isomorphism: privacy preserving network publication against structural attacks},
  author={Cheng, James and Fu, Ada Wai-chee and Liu, Jia},
  booktitle={Proceedings of the 2010 ACM SIGMOD International Conference on Management of data},
  pages={459--470},
  year={2010}
}

@article{cite5yuan2010personalized,
  title={Personalized privacy protection in social networks},
  author={Yuan, Mingxuan and Chen, Lei and Yu, Philip S},
  journal={Proceedings of the VLDB Endowment},
  volume={4},
  number={2},
  pages={141--150},
  year={2010},
  publisher={VLDB Endowment}
}

@inproceedings{cite5andreou2017identity,
  title={Identity vs. attribute disclosure risks for users with multiple social profiles},
  author={Andreou, Athanasios and Goga, Oana and Loiseau, Patrick},
  booktitle={Proceedings of the 2017 IEEE/ACM International Conference on Advances in Social Networks Analysis and Mining 2017},
  pages={163--170},
  year={2017}
}

@inproceedings{cite6byun2007efficient,
  title={Efficient k-anonymization using clustering techniques},
  author={Byun, Ji-Won and Kamra, Ashish and Bertino, Elisa and Li, Ninghui},
  booktitle={International Conference on Database Systems for Advanced Applications},
  pages={188--200},
  year={2007},
  organization={Springer}
}

@inproceedings{cite63agrawal2003information,
  title={Information sharing across private databases},
  author={Agrawal, Rakesh and Evfimievski, Alexandre and Srikant, Ramakrishnan},
  booktitle={Proceedings of the 2003 ACM SIGMOD international conference on Management of data},
  pages={86--97},
  year={2003}
}

@inproceedings{cite68dong2005reference,
  title={Reference reconciliation in complex information spaces},
  author={Dong, Xin and Halevy, Alon and Madhavan, Jayant},
  booktitle={Proceedings of the 2005 ACM SIGMOD international conference on Management of data},
  pages={85--96},
  year={2005}
}


@article{cite727gal2014data,
  title={A data recipient centered de-identification method to retain statistical attributes},
  author={Gal, Tamas S and Tucker, Thomas C and Gangopadhyay, Aryya and Chen, Zhiyuan},
  journal={Journal of biomedical informatics},
  volume={50},
  pages={32--45},
  year={2014},
  publisher={Elsevier}
}

@article{cite729gkoulalas2014publishing,
  title={Publishing data from electronic health records while preserving privacy: A survey of algorithms},
  author={Gkoulalas-Divanis, Aris and Loukides, Grigorios and Sun, Jimeng},
  journal={Journal of biomedical informatics},
  volume={50},
  pages={4--19},
  year={2014},
  publisher={Elsevier}
}

@inproceedings{cite728ghinita2008anonymization,
  title={On the anonymization of sparse high-dimensional data},
  author={Ghinita, Gabriel and Tao, Yufei and Kalnis, Panos},
  booktitle={2008 IEEE 24th International Conference on Data Engineering},
  pages={715--724},
  year={2008},
  organization={IEEE}
}

@inproceedings{cite724byun2006secure,
  title={Secure anonymization for incremental datasets},
  author={Byun, Ji-Won and Sohn, Yonglak and Bertino, Elisa and Li, Ninghui},
  booktitle={Workshop on secure data management},
  pages={48--63},
  year={2006},
  organization={Springer}
}

@article{cite731kim2014framework,
  title={A framework to preserve the privacy of electronic health data streams},
  author={Kim, Soohyung and Sung, Min Kyoung and Chung, Yon Dohn},
  journal={Journal of biomedical informatics},
  volume={50},
  pages={95--106},
  year={2014},
  publisher={Elsevier}
}

@article{cite726fung2011service,
  title={Service-oriented architecture for high-dimensional private data mashup},
  author={Fung, Benjamin CM and Trojer, Thomas and Hung, Patrick CK and Xiong, Li and Al-Hussaeni, Khalil and Dssouli, Rachida},
  journal={IEEE Transactions on Services Computing},
  volume={5},
  number={3},
  pages={373--386},
  year={2011},
  publisher={IEEE}
}

@article{cite79kim2014framework,
  title={A framework to preserve the privacy of electronic health data streams},
  author={Kim, Soohyung and Sung, Min Kyoung and Chung, Yon Dohn},
  journal={Journal of biomedical informatics},
  volume={50},
  pages={95--106},
  year={2014},
  publisher={Elsevier}
}

@inproceedings{cite737pei2007maintaining,
  title={Maintaining k-anonymity against incremental updates},
  author={Pei, Jian and Xu, Jian and Wang, Zhibin and Wang, Wei and Wang, Ke},
  booktitle={19th International Conference on Scientific and Statistical Database Management (SSDBM 2007)},
  pages={5--5},
  year={2007},
  organization={IEEE}
}


@inproceedings{cite739wu2009privacy,
  title={Privacy preserving k-anonymity for re-publication of incremental datasets},
  author={Wu, Yingjie and Sun, Zhihui and Wang, Xiaodong},
  booktitle={2009 WRI World Congress on Computer Science and Information Engineering},
  volume={4},
  pages={53--60},
  year={2009},
  organization={IEEE}
}


@inproceedings{cite7mohammadian2014fast,
  title={FAST: fast anonymization of big data streams},
  author={Mohammadian, Esmaeil and Noferesti, Morteza and Jalili, Rasool},
  booktitle={Proceedings of the 2014 International Conference on Big Data Science and Computing},
  pages={1--8},
  year={2014}
}

@article{cite7kim2018privacy,
  title={Privacy-preserving aggregation of personal health data streams},
  author={Kim, Jong Wook and Jang, Beakcheol and Yoo, Hoon},
  journal={PloS one},
  volume={13},
  number={11},
  pages={e0207639},
  year={2018},
  publisher={Public Library of Science San Francisco, CA USA}
}

@article{cite7otgonbayar2018k,
  title={K-VARP: K-anonymity for varied data streams via partitioning},
  author={Otgonbayar, Ankhbayar and Pervez, Zeeshan and Dahal, Keshav and Eager, Steve},
  journal={Information Sciences},
  volume={467},
  pages={238--255},
  year={2018},
  publisher={Elsevier}
}

@article{cite7otgonbayar2019x,
  title={$ X-BAND $: Expiration Band for Anonymizing Varied Data Streams},
  author={Otgonbayar, Ankhbayar and Pervez, Zeeshan and Dahal, Keshav},
  journal={IEEE Internet of Things Journal},
  volume={7},
  number={2},
  pages={1438--1450},
  year={2019},
  publisher={IEEE}
}


@article{cite733mortazavi2014fast,
  title={Fast data-oriented microaggregation algorithm for large numerical datasets},
  author={Mortazavi, Reza and Jalili, Saeed},
  journal={Knowledge-Based Systems},
  volume={67},
  pages={195--205},
  year={2014},
  publisher={Elsevier}
}

@article{cite735nergiz2008multirelational,
  title={Multirelational k-anonymity},
  author={Nergiz, Mehmet Ercan and Clifton, Christopher and Nergiz, Ahmet Erhan},
  journal={IEEE Transactions on Knowledge and Data Engineering},
  volume={21},
  number={8},
  pages={1104--1117},
  year={2008},
  publisher={IEEE}
}


@incollection{cite723aggarwal2008privacy,
  title={Privacy and the dimensionality curse},
  author={Aggarwal, Charu C},
  booktitle={Privacy-Preserving Data Mining},
  pages={433--460},
  year={2008},
  publisher={Springer}
 }

@inproceedings{cite734narayanan2008robust,
  title={Robust de-anonymization of large sparse datasets},
  author={Narayanan, Arvind and Shmatikov, Vitaly},
  booktitle={2008 IEEE Symposium on Security and Privacy (sp 2008)},
  pages={111--125},
  year={2008},
  organization={IEEE}
}


@article{cite7domingo2005ordinal,
  title={Ordinal, continuous and heterogeneous k-anonymity through microaggregation},
  author={Domingo-Ferrer, Josep and Torra, Vicen{\c{c}}},
  journal={Data Mining and Knowledge Discovery},
  volume={11},
  number={2},
  pages={195--212},
  year={2005},
  publisher={Springer}
}

@article{cite725el2008protecting,
  title={Protecting privacy using k-anonymity},
  author={El Emam, Khaled and Dankar, Fida Kamal},
  journal={Journal of the American Medical Informatics Association},
  volume={15},
  number={5},
  pages={627--637},
  year={2008},
  publisher={BMJ Group BMA House, Tavistock Square, London, WC1H 9JR}
}


@article{cite732mohammed2010centralized,
  title={Centralized and distributed anonymization for high-dimensional healthcare data},
  author={Mohammed, Noman and Fung, Benjamin CM and Hung, Patrick CK and Lee, Cheuk-Kwong},
  journal={ACM Transactions on Knowledge Discovery from Data (TKDD)},
  volume={4},
  number={4},
  pages={1--33},
  year={2010},
  publisher={ACM New York, NY, USA}
}

@article{cite730jandel2014decision,
  title={Decision support for releasing anonymised data},
  author={J{\"a}ndel, Magnus},
  journal={Computers \& security},
  volume={46},
  pages={48--61},
  year={2014},
  publisher={Elsevier}
}

@article{cite9vokinger2020lost,
  title={Lost in Anonymization—A Data Anonymization Reference Classification Merging Legal and Technical Considerations},
  author={Vokinger, Kerstin N and Stekhoven, Daniel J and Krauthammer, Michael},
  journal={The Journal of Law, Medicine \& Ethics},
  volume={48},
  number={1},
  pages={228--231},
  year={2020},
  publisher={SAGE Publications Sage CA: Los Angeles, CA}
}
@article{officialgrpr2016, 
title={General Data Protection Regulation}, url={https://eur-lex.europa.eu/legal-content/EN/ALL/?uri=CELEX:32016R0679}, 
journal={Official Journal of the European Union}, 
author={European Parliament and Council of the European Union}, 
year={2016}
}

@incollection{liu2018mtmr,
  title={Mtmr-net: Multi-task deep learning with margin ranking loss for lung nodule analysis},
  author={Liu, Lihao and Dou, Qi and Chen, Hao and Olatunji, Iyiola E and Qin, Jing and Heng, Pheng-Ann},
  booktitle={Deep Learning in Medical Image Analysis and Multimodal Learning for Clinical Decision Support},
  pages={74--82},
  year={2018},
  publisher={Springer}
}

@article{cite96albrecht2016gdpr,
  title={How the GDPR will change the world},
  author={Albrecht, Jan Philipp},
  journal={Eur. Data Prot. L. Rev.},
  volume={2},
  pages={287},
  year={2016},
  publisher={HeinOnline}
}


@inproceedings{zhang2007aggregate,
  title={Aggregate query answering on anonymized tables},
  author={Zhang, Qing and Koudas, Nick and Srivastava, Divesh and Yu, Ting},
  booktitle={2007 IEEE 23rd international conference on data engineering},
  pages={116--125},
  year={2007},
  organization={IEEE}
}


@article{campan2010p,
  title={P-Sensitive K-Anonymity with Generalization Constraints.},
  author={Campan, Alina and Truta, Traian Marius and Cooper, Nicholas},
  journal={Trans. Data Priv.},
  volume={3},
  number={2},
  pages={65--89},
  year={2010}
}

@article{sun2011extended,
  title={Extended k-anonymity models against sensitive attribute disclosure},
  author={Sun, Xiaoxun and Sun, Lili and Wang, Hua},
  journal={Computer Communications},
  volume={34},
  number={4},
  pages={526--535},
  year={2011},
  publisher={Elsevier}
}

@article{khan2020theta,
  title={$\theta$-sensitive k-anonymity: An anonymization model for iot based electronic health records},
  author={Khan, Razaullah and Tao, Xiaofeng and Anjum, Adeel and Kanwal, Tehsin and Khan, Abid and Maple, Carsten and others},
  journal={Electronics},
  volume={9},
  number={5},
  pages={716},
  year={2020},
  publisher={Multidisciplinary Digital Publishing Institute}
}


@inproceedings{wong2006alpha,
  title={($\alpha$, k)-anonymity: an enhanced k-anonymity model for privacy preserving data publishing},
  author={Wong, Raymond Chi-Wing and Li, Jiuyong and Fu, Ada Wai-Chee and Wang, Ke},
  booktitle={Proceedings of the 12th ACM SIGKDD international conference on Knowledge discovery and data mining},
  pages={754--759},
  year={2006}
}

@inproceedings{jian2008complete,
  title={A complete (alpha, k)-anonymity model for sensitive values individuation preservation},
  author={Jian-min, Han and Hui-qun, Yu and Juan, Yu and Ting-ting, Cen},
  booktitle={2008 International Symposium on Electronic Commerce and Security},
  pages={318--323},
  year={2008},
  organization={IEEE}
}

@inproceedings{budiardjo2019approach,
  title={An approach for distributing sensitive values in k-Anonymity},
  author={Budiardjo, Eko K and Wibowo, Wahyu C and Achsan, Harry TY and others},
  booktitle={2019 International Workshop on Big Data and Information Security (IWBIS)},
  pages={109--114},
  year={2019},
  organization={IEEE}
}

@incollection{agarwal2018enhanced,
  title={An enhanced method for privacy-preserving data publishing},
  author={Agarwal, Shivam and Sachdeva, Shelly},
  booktitle={Innovations in Computational Intelligence},
  pages={61--75},
  year={2018},
  publisher={Springer}
}

@article{budiardjo2019privacy,
  title={Privacy Preserving Data Publishing with Multiple Sensitive Attributes based on Overlapped Slicing},
  author={Budiardjo, Eko Kuswardono and Wibowo, Wahyu Catur and others},
  journal={Information},
  volume={10},
  number={12},
  pages={362},
  year={2019},
  publisher={Multidisciplinary Digital Publishing Institute}
}

@article{zhang2017improved,
  title={An improved algorithm of individuation k-anonymity for multiple sensitive attributes},
  author={Zhang, Lin and Xuan, Jie and Si, Ruoqian and Wang, Ruchuan},
  journal={Wireless Personal Communications},
  volume={95},
  number={3},
  pages={2003--2020},
  year={2017},
  publisher={Springer}
}

@article{zhu2015privacy,
  title={Privacy-preserving data publication with features of independent l-diversity},
  author={Zhu, Hong and Tian, Shengli and L{\"u}, Kevin},
  journal={The Computer Journal},
  volume={58},
  number={4},
  pages={549--571},
  year={2015},
  publisher={OUP}
}


@article{tian2011extending,
  title={Extending l-diversity to generalize sensitive data},
  author={Tian, Hongwei and Zhang, Weining},
  journal={Data \& Knowledge Engineering},
  volume={70},
  number={1},
  pages={101--126},
  year={2011},
  publisher={Elsevier}
}


@article{wu2019micro,
  title={A micro-aggregation algorithm based on density partition method for anonymizing biomedical data},
  author={Wu, Xiang and Wei, Yuyang and Jiang, Tao and Wang, Yu and Jiang, Shuguang},
  journal={Current Bioinformatics},
  volume={14},
  number={7},
  pages={667--675},
  year={2019},
  publisher={Bentham Science Publishers}
}

@article{xiao2020privacy,
  title={Privacy Preserving Data Publishing for Multiple Sensitive Attributes Based on Security Level},
  author={Xiao, Yuelei and Li, Haiqi},
  journal={Information},
  volume={11},
  number={3},
  pages={166},
  year={2020},
  publisher={Multidisciplinary Digital Publishing Institute}
}


@article{oishi2020semantic,
  title={Semantic diversity: Privacy considering distance between values of sensitive attribute},
  author={Oishi, Keiichiro and Sei, Yuichi and Tahara, Yasuyuki and Ohsuga, Akihiko},
  journal={Computers \& Security},
  volume={94},
  pages={101823},
  year={2020},
  publisher={Elsevier}
}

@article{sei2017anonymization,
  title={Anonymization of sensitive quasi-identifiers for l-diversity and t-closeness},
  author={Sei, Yuichi and Okumura, Hiroshi and Takenouchi, Takao and Ohsuga, Akihiko},
  journal={IEEE transactions on dependable and secure computing},
  volume={16},
  number={4},
  pages={580--593},
  year={2017},
  publisher={IEEE}
}

@article{li2009closeness,
  title={Closeness: A new privacy measure for data publishing},
  author={Li, Ninghui and Li, Tiancheng and Venkatasubramanian, Suresh},
  journal={IEEE Transactions on Knowledge and Data Engineering},
  volume={22},
  number={7},
  pages={943--956},
  year={2009},
  publisher={IEEE}
}

@inproceedings{qu2017privacy,
  title={Privacy preserving in big data sets through multiple shuffle},
  author={Qu, Youyang and Xu, Jiyang and Yu, Shui},
  booktitle={Proceedings of the Australasian Computer Science Week Multiconference},
  pages={1--8},
  year={2017}
}

@article{wang2018privacy,
  title={Privacy-preserving algorithms for multiple sensitive attributes satisfying t-closeness},
  author={Wang, Rong and Zhu, Yan and Chen, Tung-Shou and Chang, Chin-Chen},
  journal={Journal of Computer Science and Technology},
  volume={33},
  number={6},
  pages={1231--1242},
  year={2018},
  publisher={Springer}
}


@article{cao2011sabre,
  title={SABRE: a Sensitive Attribute Bucketization and REdistribution framework for t-closeness},
  author={Cao, Jianneng and Karras, Panagiotis and Kalnis, Panos and Tan, Kian-Lee},
  journal={The VLDB Journal},
  volume={20},
  number={1},
  pages={59--81},
  year={2011},
  publisher={Springer}
}

@article{soria2015t,
  title={t-closeness through microaggregation: Strict privacy with enhanced utility preservation},
  author={Soria-Comas, Jordi and Domingo-Ferrer, Josep and Sanchez, David and Martinez, Sergio},
  journal={IEEE Transactions on Knowledge and Data Engineering},
  volume={27},
  number={11},
  pages={3098--3110},
  year={2015},
  publisher={IEEE}
}


@article{hardt2010simple,
  title={A simple and practical algorithm for differentially private data release},
  author={Hardt, Moritz and Ligett, Katrina and McSherry, Frank},
  journal={arXiv preprint arXiv:1012.4763},
  year={2010}
}

@article{soria2014enhancing,
  title={Enhancing data utility in differential privacy via microaggregation-based k-anonymity},
  author={Soria-Comas, Jordi and Domingo-Ferrer, Josep and S{\'a}nchez, David and Mart{\'\i}nez, Sergio},
  journal={The VLDB Journal},
  volume={23},
  number={5},
  pages={771--794},
  year={2014},
  publisher={Springer}
}

@article{lee2020differentially,
  title={Differentially private release of medical microdata: an efficient and practical approach for preserving informative attribute values},
  author={Lee, Hyukki and Chung, Yon Dohn},
  journal={BMC Medical Informatics and Decision Making},
  volume={20},
  number={1},
  pages={1--15},
  year={2020},
  publisher={BioMed Central}
}

@article{zhang2017privbayes,
  title={Privbayes: Private data release via bayesian networks},
  author={Zhang, Jun and Cormode, Graham and Procopiuc, Cecilia M and Srivastava, Divesh and Xiao, Xiaokui},
  journal={ACM Transactions on Database Systems (TODS)},
  volume={42},
  number={4},
  pages={1--41},
  year={2017},
  publisher={ACM New York, NY, USA}
}
@article{cite7eze2015systematic,
  title={Systematic literature review on the anonymization of high dimensional streaming datasets for health data sharing},
  author={Eze, Benjamin and Peyton, Liam},
  journal={Procedia Computer Science},
  volume={63},
  pages={348--355},
  year={2015},
  publisher={Elsevier}
}

@article{el2011systematic,
  title={A systematic review of re-identification attacks on health data},
  author={El Emam, Khaled and Jonker, Elizabeth and Arbuckle, Luk and Malin, Bradley},
  journal={PloS one},
  volume={6},
  number={12},
  pages={e28071},
  year={2011},
  publisher={Public Library of Science}
}


@article{majeed2020anonymization,
  title={Anonymization Techniques for Privacy Preserving Data Publishing: A Comprehensive Survey},
  author={Majeed, Abdul and Lee, Sungchang},
  journal={IEEE Access},
  year={2020},
  publisher={IEEE}
}

@article{hamza2013attacks,
  title={Attacks on anonymization-based privacy-preserving: a survey for data mining and data publishing},
  author={Hamza, Nermin and Hefny, Hesham A and others},
  year={2013},
  journal={Scientific Research Publishing}
}


@article{shi2017semantic,
  title={Semantic health knowledge graph: semantic integration of heterogeneous medical knowledge and services},
  author={Shi, Longxiang and Li, Shijian and Yang, Xiaoran and Qi, Jiaheng and Pan, Gang and Zhou, Binbin},
  journal={BioMed research international},
  volume={2017},
  year={2017},
  publisher={Hindawi}
}


@inproceedings{gyrard2018personalized,
  title={Personalized health knowledge graph},
  author={Gyrard, Amelia and Gaur, Manas and Shekarpour, Saeedeh and Thirunarayan, Krishnaprasad and Sheth, Amit},
  year={2018},
  booktitle={ISWC 2018 Contextualized Knowledge Graph Workshop}
}


@inproceedings{cong2018constructing,
  title={Constructing biomedical knowledge graph based on SemMedDB and linked open data},
  author={Cong, Qing and Feng, Zhiyong and Li, Fang and Zhang, Li and Rao, Guozheng and Tao, Cui},
  booktitle={2018 IEEE International Conference on Bioinformatics and Biomedicine (BIBM)},
  pages={1628--1631},
  year={2018},
  organization={IEEE}
}

@article{bearman2004chains,
  title={Chains of affection: The structure of adolescent romantic and sexual networks},
  author={Bearman, Peter S and Moody, James and Stovel, Katherine},
  journal={American journal of sociology},
  volume={110},
  number={1},
  pages={44--91},
  year={2004},
  publisher={The University of Chicago Press}
}

@article{yu2017knowledge,
  title={Knowledge graph for TCM health preservation: design, construction, and applications},
  author={Yu, Tong and Li, Jinghua and Yu, Qi and Tian, Ye and Shun, Xiaofeng and Xu, Lili and Zhu, Ling and Gao, Hongjie},
  journal={Artificial intelligence in medicine},
  volume={77},
  pages={48--52},
  year={2017},
  publisher={Elsevier}
}

@article{ji2016graph,
  title={Graph data anonymization, de-anonymization attacks, and de-anonymizability quantification: A survey},
  author={Ji, Shouling and Mittal, Prateek and Beyah, Raheem},
  journal={IEEE Communications Surveys \& Tutorials},
  volume={19},
  number={2},
  pages={1305--1326},
  year={2016},
  publisher={IEEE}
}

@article{van2018observational,
  title={Observational health research in Europe: understanding the General Data Protection Regulation and underlying debate},
  author={van Veen, Evert-Ben},
  journal={European Journal of Cancer},
  volume={104},
  pages={70--80},
  year={2018},
  publisher={Elsevier}
}

@article{POULIS201776,
title = {Anonymizing datasets with demographics and diagnosis codes in the presence of utility constraints},
journal = {Journal of Biomedical Informatics},
volume = {65},
pages = {76-96},
year = {2017},
issn = {1532-0464},
doi = {https://doi.org/10.1016/j.jbi.2016.11.001},
author = {Giorgos Poulis and Grigorios Loukides and Spiros Skiadopoulos and Aris Gkoulalas-Divanis},
keywords = {Privacy, Demographics, Diagnosis codes, Utility constraints, Generalization, Suppression},
}

@article{bhagat2009class,
  title={Class-based graph anonymization for social network data},
  author={Bhagat, Smriti and Cormode, Graham and Krishnamurthy, Balachander and Srivastava, Divesh},
  journal={Proceedings of the VLDB Endowment},
  volume={2},
  number={1},
  pages={766--777},
  year={2009},
  publisher={VLDB Endowment}
}

@article{hay2008resisting,
  title={Resisting structural re-identification in anonymized social networks},
  author={Hay, Michael and Miklau, Gerome and Jensen, David and Towsley, Don and Weis, Philipp},
  journal={Proceedings of the VLDB Endowment},
  volume={1},
  number={1},
  pages={102--114},
  year={2008},
  publisher={VLDB Endowment}
}

@inproceedings{thompson2009union,
  title={The union-split algorithm and cluster-based anonymization of social networks},
  author={Thompson, Brian and Yao, Danfeng},
  booktitle={Proceedings of the 4th International Symposium on Information, Computer, and Communications Security},
  pages={218--227},
  year={2009}
}

@article{mortazavi2020gram,
  title={GRAM: An efficient (k, l) graph anonymization method},
  author={Mortazavi, R and Erfani, SH},
  journal={Expert Systems with Applications},
  volume={153},
  pages={113454},
  year={2020},
  publisher={Elsevier}
}

@article{foffano2019you,
  title={You Can't See Me: Anonymizing Graphs Using the Szemer{\'e}di Regularity Lemma},
  author={Foffano, Daniele and Rossi, Luca and Torsello, Andrea},
  journal={Frontiers in Big Data},
  volume={2},
  pages={7},
  year={2019},
  publisher={Frontiers}
}

@article{kushida2012strategies,
  title={Strategies for de-identification and anonymization of electronic health record data for use in multicenter research studies},
  author={Kushida, Clete A and Nichols, Deborah A and Jadrnicek, Rik and Miller, Ric and Walsh, James K and Griffin, Kara},
  journal={Medical care},
  volume={50},
  number={Suppl},
  pages={S82},
  year={2012},
  publisher={NIH Public Access}
}

@article{liu2016graph,
  title={Graph analysis for detecting fraud, waste, and abuse in healthcare data},
  author={Liu, Juan and Bier, Eric and Wilson, Aaron and Guerra-Gomez, John Alexis and Honda, Tomonori and Sricharan, Kumar and Gilpin, Leilani and Davies, Daniel},
  journal={AI Magazine},
  volume={37},
  number={2},
  pages={33--46},
  year={2016}
}

@inproceedings{branting2016graph,
  title={Graph analytics for healthcare fraud risk estimation},
  author={Branting, L Karl and Reeder, Flo and Gold, Jeffrey and Champney, Timothy},
  booktitle={2016 IEEE/ACM International Conference on Advances in Social Networks Analysis and Mining (ASONAM)},
  pages={845--851},
  year={2016},
  organization={IEEE}
}