@STRING{TPAMI	= "IEEE Transactions on Pattern Analysis and Machine Intelligence (TPAMI)"}
@STRING{IJCV	= "International Journal of Computer Vision (IJCV)"}
@STRING{TIP	= "IEEE Transactions on Image Processing (TIP)"}
@STRING{TIT	= "IEEE Transactions on Information Theory (TIT)"}
@STRING{CVIU	= "Computer Vision and Image Understanding (CVIU)"}
@STRING{PR		= "Pattern Recognition (PR)"}
@STRING{JMLR	= "Journal of Machine Learning Research (JMLR)"}
@STRING{TOG		= "ACM Transactions on Graphics (SIGGRAPH)"}
@STRING{TOGA	= "ACM Transactions on Graphics (SIGGRAPH Asia)"}
@STRING{NIPS	= "Advances in Neural Information Processing Systems (NeurIPS)"}
@STRING{NIPSW	= "Advances in Neural Information Processing Systems Workshops (NeurIPSW)"}
@STRING{CVPR	= "IEEE Conference on Computer Vision and Pattern Recognition (CVPR)"}
@STRING{CVPRW	= "IEEE Conference on Computer Vision and Pattern Recognition Workshops (CVPRW)"}
@STRING{ECCV	= "European Conference on Computer Vision (ECCV)"}
@STRING{ECCVW	= "European Conference on Computer Vision Workshops (ECCVW)"}
@STRING{ACCV	= "Asia Conference on Computer Vision (ACCV)"}
@STRING{ICCV	= "IEEE International Conference on Computer Vision (ICCV)"}
@STRING{ICCVW	= "IEEE International Conference on Computer Vision Workshops (ICCVW)"}
@STRING{ICIP	= "IEEE International Conference on Image Processing (ICIP)"}
@STRING{ICCP	= "IEEE International Conference on Computational Photography (ICCP)"}
@STRING{ICML	= "International Conference on Machine Learning (ICML)"}
@STRING{ICLR	= "International Conference on Learning Representations (ICLR)"}
@STRING{BMVC	= "British Machine Vision Conference (BMVC)"}
@STRING{AISTATS	= "Artificial Intelligence and Statistics (AISTATS)"}
@STRING{ICPR 	= "International Conference on Pattern Recognition (ICPR)"}
@STRING{WACV = "IEEE Winter Conf. on Applications of Computer Vision (WACV)"}
@STRING{ICASSP	= "IEEE International Conference on Acoustics, Speech, and Signal Processing (ICASSP)"}
@STRING{AAAI = "AAAI Conference on Artificial Intelligence (AAAI)"}
@STRING{MLSys = "Machine Learning and Systems (MLSys)"}


@inproceedings{besnier2020dataset,
  title={This dataset does not exist: training models from generated images},
  author={Besnier, Victor and Jain, Himalaya and Bursuc, Andrei and Cord, Matthieu and P{\'e}rez, Patrick},
  booktitle={ICASSP 2020-2020 IEEE International Conference on Acoustics, Speech and Signal Processing (ICASSP)},
  pages={1--5},
  year={2020},
  organization={IEEE}
}

@article{trabucco2023effective,
  title={Effective Data Augmentation With Diffusion Models},
  author={Trabucco, Brandon and Doherty, Kyle and Gurinas, Max and Salakhutdinov, Ruslan},
  journal={arXiv},
  year={2023}
}

@article{azizi2023synthetic,
  title={Synthetic Data from Diffusion Models Improves ImageNet Classification},
  author={Azizi, Shekoofeh and Kornblith, Simon and Saharia, Chitwan and Norouzi, Mohammad and Fleet, David J},
  journal={arXiv preprint arXiv:2304.08466},
  year={2023}
}

@article{ktena2023generative,
  title={Generative models improve fairness of medical classifiers under distribution shifts},
  author={Ktena, Ira and Wiles, Olivia and Albuquerque, Isabela and Rebuffi, Sylvestre-Alvise and Tanno, Ryutaro and Roy, Abhijit Guha and Azizi, Shekoofeh and Belgrave, Danielle and Kohli, Pushmeet and Karthikesalingam, Alan and others},
  journal={arXiv preprint arXiv:2304.09218},
  year={2023}
}

@inproceedings{he2022synthetic,
  title={Is synthetic data from generative models ready for image recognition?},
  author={He, Ruifei and Sun, Shuyang and Yu, Xin and Xue, Chuhui and Zhang, Wenqing and Torr, Philip and Bai, Song and Qi, Xiaojuan},
  booktitle=ICLR,
  year={2023}
}



@article{du2023no,
  title={No One Left Behind: Improving the Worst Categories in Long-Tailed Learning},
  author={Du, Yingxiao and Wu, Jianxin},
  journal={arXiv preprint arXiv:2303.03630},
  year={2023}
}

@inproceedings{ahn2023cuda,
  title={CUDA: Curriculum of Data Augmentation for Long-tailed Recognition},
  author={Ahn, Sumyeong and Ko, Jongwoo and Yun, Se-Young},
  booktitle=ICLR,
  year={2023}
}

@inproceedings{deitke2022retrospectives,
  title={Retrospectives on the embodied ai workshop},
  author={Deitke, Matt and Batra, Dhruv and Bisk, Yonatan and Campari, Tommaso and Chang, Angel X and Chaplot, Devendra Singh and Chen, Changan and D'Arpino, Claudia P{\'e}rez and Ehsani, Kiana and Farhadi, Ali and others},
  booktitle=ICLR,
  year={2023}
}

@inproceedings{baieffectiveness,
  title={On the Effectiveness of Out-of-Distribution Data in Self-Supervised Long-Tail Learning.},
  author={Bai, Jianhong and Liu, Zuozhu and Wang, Hualiang and Hao, Jin and Feng, Yang and Chu, Huanpeng and Hu, Haoji},
  booktitle=ICLR,
  year={2023}
}

@inproceedings{cui2019class,
  title={Class-balanced loss based on effective number of samples},
  author={Cui, Yin and Jia, Menglin and Lin, Tsung-Yi and Song, Yang and Belongie, Serge},
  booktitle=CVPR,
  year={2019}
}

@inproceedings{alshammari2022long,
  title={Long-tailed recognition via weight balancing},
  author={Alshammari, Shaden and Wang, Yu-Xiong and Ramanan, Deva and Kong, Shu},
  booktitle=CVPR,
  year={2022}
}

@inproceedings{chen2022imagine,
  title={Imagine by reasoning: A reasoning-based implicit semantic data augmentation for long-tailed classification},
  author={Chen, Xiaohua and Zhou, Yucan and Wu, Dayan and Zhang, Wanqian and Zhou, Yu and Li, Bo and Wang, Weiping},
  booktitle=AAAI,
  year={2022}
}

@inproceedings{cui2021parametric,
  title={Parametric contrastive learning},
  author={Cui, Jiequan and Zhong, Zhisheng and Liu, Shu and Yu, Bei and Jia, Jiaya},
  booktitle=ICCV,
  year={2021}
}

@inproceedings{park2022majority,
  title={The majority can help the minority: Context-rich minority oversampling for long-tailed classification},
  author={Park, Seulki and Hong, Youngkyu and Heo, Byeongho and Yun, Sangdoo and Choi, Jin Young},
  booktitle=CVPR,
  year={2022}
}

@inproceedings{li2021self,
  title={Self supervision to distillation for long-tailed visual recognition},
  author={Li, Tianhao and Wang, Limin and Wu, Gangshan},
  booktitle=ICCV,
  year={2021}
}

@inproceedings{cao2019learning,
  title={Learning imbalanced datasets with label-distribution-aware margin loss},
  author={Cao, Kaidi and Wei, Colin and Gaidon, Adrien and Arechiga, Nikos and Ma, Tengyu},
  booktitle=NIPS,
  year={2019}
}

@inproceedings{jiang2021self,
  title={Self-damaging contrastive learning},
  author={Jiang, Ziyu and Chen, Tianlong and Mortazavi, Bobak J and Wang, Zhangyang},
  booktitle=ICML,
  year={2021}
}

@article{krizhevsky2009learning,
  title={Learning multiple layers of features from tiny images},
  author={Krizhevsky, Alex and Hinton, Geoffrey and others},
  year={2009},
  publisher={Toronto, ON, Canada}
}

@inproceedings{tian2020contrastive,
  title={Contrastive multiview coding},
  author={Tian, Yonglong and Krishnan, Dilip and Isola, Phillip},
  booktitle=ECCV,
  year={2020},
}

@inproceedings{zhang2017mixup,
  title={mixup: Beyond empirical risk minimization},
  author={Zhang, Hongyi and Cisse, Moustapha and Dauphin, Yann N and Lopez-Paz, David},
  booktitle=ICLR,
  year={2018}
}

@inproceedings{deng2009imagenet,
  title={Imagenet: A large-scale hierarchical image database},
  author={Deng, Jia and Dong, Wei and Socher, Richard and Li, Li-Jia and Li, Kai and Fei-Fei, Li},
  booktitle=CVPR,
  year={2009},
}

@book{vapnik1999nature,
  title={The nature of statistical learning theory},
  author={Vapnik, Vladimir},
  year={1999},
  publisher={Springer science \& business media}
}

@article{simoncelli2001natural,
  title={Natural image statistics and neural representation},
  author={Simoncelli, Eero P and Olshausen, Bruno A},
  journal={Annual review of neuroscience},
  volume={24},
  number={1},
  pages={1193--1216},
  year={2001},
  publisher={Annual Reviews 4139 El Camino Way, PO Box 10139, Palo Alto, CA 94303-0139, USA}
}



@book{national2013frontiers,
  title={Frontiers in massive data analysis},
  author={National Research Council and others},
  year={2013},
  publisher={National Academies Press}
}


@inproceedings{lin2014microsoft,
  title={Microsoft coco: Common objects in context},
  author={Lin, Tsung-Yi and Maire, Michael and Belongie, Serge and Hays, James and Perona, Pietro and Ramanan, Deva and Doll{\'a}r, Piotr and Zitnick, C Lawrence},
  booktitle=ECCV,
  year={2014},
}

@article{sagawa2019distributionally,
  title={Distributionally robust neural networks for group shifts: On the importance of regularization for worst-case generalization},
  author={Sagawa, Shiori and Koh, Pang Wei and Hashimoto, Tatsunori B and Liang, Percy},
  journal=ICLR,
  year={2020}
}

@inproceedings{shen2016relay,
  title={Relay backpropagation for effective learning of deep convolutional neural networks},
  author={Shen, Li and Lin, Zhouchen and Huang, Qingming},
  booktitle=ECCV,
  year={2016}
}

@inproceedings{kim2020m2m,
  title={M2m: Imbalanced classification via major-to-minor translation},
  author={Kim, Jaehyung and Jeong, Jongheon and Shin, Jinwoo},
  booktitle=CVPR,
  year={2020}
}

@inproceedings{liu2019large,
  title={Large-scale long-tailed recognition in an open world},
  author={Liu, Ziwei and Miao, Zhongqi and Zhan, Xiaohang and Wang, Jiayun and Gong, Boqing and Yu, Stella X},
  booktitle=CVPR,
  year={2019}
}

@article{ren2020balanced,
  title={Balanced meta-softmax for long-tailed visual recognition},
  author={Ren, Jiawei and Yu, Cunjun and Ma, Xiao and Zhao, Haiyu and Yi, Shuai and others},
  journal=NIPS,
  year={2020}
}

@inproceedings{samuel2021distributional,
  title={Distributional robustness loss for long-tail learning},
  author={Samuel, Dvir and Chechik, Gal},
  booktitle=ICCV,
  year={2021}
}

@article{huang2019deep,
  title={Deep imbalanced learning for face recognition and attribute prediction},
  author={Huang, Chen and Li, Yining and Loy, Chen Change and Tang, Xiaoou},
  journal=TPAMI,
  volume={42},
  number={11},
  pages={2781--2794},
  year={2019},
  publisher={IEEE}
}

@article{geirhos2020shortcut,
  title={Shortcut learning in deep neural networks},
  author={Geirhos, Robert and Jacobsen, J{\"o}rn-Henrik and Michaelis, Claudio and Zemel, Richard and Brendel, Wieland and Bethge, Matthias and Wichmann, Felix A},
  journal={Nature Machine Intelligence},
  year={2020}
}


@inproceedings{scimeca2022iclr,
    title={Which Shortcut Cues Will DNNs Choose? A Study from the Parameter-Space Perspective},
    author={Scimeca, Luca and Oh, Seong Joon and Chun, Sanghyuk and Poli, Michael and Yun, Sangdoo},
    year={2022},
    booktitle = ICLR
}


@inproceedings{liu2015deep,
  title={Deep learning face attributes in the wild},
  author={Liu, Ziwei and Luo, Ping and Wang, Xiaogang and Tang, Xiaoou},
  booktitle={Proceedings of the IEEE international conference on computer vision},
  pages={3730--3738},
  year={2015}
}

@inproceedings{narayanan2018translation,
  title={Translation tutorial: 21 fairness definitions and their politics},
  author={Narayanan, Arvind},
  booktitle={FAccT},
  volume={1170},
  year={2018}
}

@article{hardt2016equality,
  title={Equality of opportunity in supervised learning},
  author={Hardt, Moritz and Price, Eric and Srebro, Nati},
  journal=NIPS,
  year={2016}
}

@inproceedings{10.1145/2783258.2783311,
author = {Feldman, Michael and Friedler, Sorelle A. and Moeller, John and Scheidegger, Carlos and Venkatasubramanian, Suresh},
title = {Certifying and Removing Disparate Impact},
year = {2015},
booktitle = {KDD},
pages = {259–268},
}

@article{kamiran2012data,
  title={Data preprocessing techniques for classification without discrimination},
  author={Kamiran, Faisal and Calders, Toon},
  journal={Knowledge and information systems},
  volume={33},
  pages={1--33},
  year={2012},
}

@book{ben2009robust,
  title={Robust optimization},
  author={Ben-Tal, Aharon and El Ghaoui, Laurent and Nemirovski, Arkadi},
  volume={28},
  year={2009},
  publisher={Princeton university press}
}

@inproceedings{jung2023reweighting,
title={Re-weighting Based Group Fairness Regularization via Classwise Robust Optimization},
author={Sangwon Jung and Taeeon Park and Sanghyuk Chun and Taesup Moon},
booktitle=ICLR,
year={2023},
}

@inproceedings{idrissi2022simple,
  title={Simple data balancing achieves competitive worst-group-accuracy},
  author={Idrissi, Badr Youbi and Arjovsky, Martin and Pezeshki, Mohammad and Lopez-Paz, David},
  booktitle={Conference on Causal Learning and Reasoning},
  pages={336--351},
  year={2022},
}

@article{roh2020fairbatch,
  title={Fairbatch: Batch selection for model fairness},
  author={Roh, Yuji and Lee, Kangwook and Whang, Steven Euijong and Suh, Changho},
  journal=ICLR,
  year={2021}
}

@inproceedings{kirichenko2023last,
title={Last Layer Re-Training is Sufficient for Robustness to Spurious Correlations},
author={Polina Kirichenko and Pavel Izmailov and Andrew Gordon Wilson},
booktitle=ICLR,
year={2023},
}


@inproceedings{liu2021just,
  title={Just train twice: Improving group robustness without training group information},
  author={Liu, Evan Z and Haghgoo, Behzad and Chen, Annie S and Raghunathan, Aditi and Koh, Pang Wei and Sagawa, Shiori and Liang, Percy and Finn, Chelsea},
  booktitle=ICML,
  year={2021},
}

@inproceedings{zeng2022fair,
title={Fair Bayes-Optimal Classifiers Under Predictive Parity},
author={Xianli Zeng and Edgar Dobriban and Guang Cheng},
booktitle=NIPS,
year={2022},
}

@inproceedings{dosovitskiy2015flownet,
  title={Flownet: Learning optical flow with convolutional networks},
  author={Dosovitskiy, Alexey and Fischer, Philipp and Ilg, Eddy and Hausser, Philip and Hazirbas, Caner and Golkov, Vladimir and Van Der Smagt, Patrick and Cremers, Daniel and Brox, Thomas},
  booktitle=ICCV,
  year={2015}
}

@inproceedings{mayer2016large,
  title={A large dataset to train convolutional networks for disparity, optical flow, and scene flow estimation},
  author={Mayer, Nikolaus and Ilg, Eddy and Hausser, Philip and Fischer, Philipp and Cremers, Daniel and Dosovitskiy, Alexey and Brox, Thomas},
  booktitle=CVPR,
  year={2016}
}

@inproceedings{sun2021autoflow,
  title={Autoflow: Learning a better training set for optical flow},
  author={Sun, Deqing and Vlasic, Daniel and Herrmann, Charles and Jampani, Varun and Krainin, Michael and Chang, Huiwen and Zabih, Ramin and Freeman, William T and Liu, Ce},
  booktitle=CVPR,
  year={2021}
}

@inproceedings{han2022realflow,
  title={RealFlow: EM-Based Realistic Optical Flow Dataset Generation from Videos},
  author={Han, Yunhui and Luo, Kunming and Luo, Ao and Liu, Jiangyu and Fan, Haoqiang and Luo, Guiming and Liu, Shuaicheng},
  booktitle=ECCV,
  year={2022},
}


@article{greff2021kubric,
    title = {Kubric: a scalable dataset generator}, 
    author = {Klaus Greff and Francois Belletti and Lucas Beyer and Carl Doersch and
              Yilun Du and Daniel Duckworth and David J Fleet and Dan Gnanapragasam and
              Florian Golemo and Charles Herrmann and Thomas Kipf and Abhijit Kundu and
              Dmitry Lagun and Issam Laradji and Hsueh-Ti (Derek) Liu and Henning Meyer and
              Yishu Miao and Derek Nowrouzezahrai and Cengiz Oztireli and Etienne Pot and
              Noha Radwan and Daniel Rebain and Sara Sabour and Mehdi S. M. Sajjadi and Matan Sela and
              Vincent Sitzmann and Austin Stone and Deqing Sun and Suhani Vora and Ziyu Wang and
              Tianhao Wu and Kwang Moo Yi and Fangcheng Zhong and Andrea Tagliasacchi},
    booktitle = CVPR,
    year = {2022},
}

@inproceedings{johnson2017clevr,
  title={Clevr: A diagnostic dataset for compositional language and elementary visual reasoning},
  author={Johnson, Justin and Hariharan, Bharath and Van Der Maaten, Laurens and Fei-Fei, Li and Lawrence Zitnick, C and Girshick, Ross},
  booktitle=CVPR,
  year={2017}
}

@inproceedings{oh2018learning,
  title={Learning-based video motion magnification},
  author={Oh, Tae-Hyun and Jaroensri, Ronnachai and Kim, Changil and Elgharib, Mohamed and Durand, Fr'edo and Freeman, William T and Matusik, Wojciech},
  booktitle=ECCV,
  year={2018}
}

@inproceedings{kaspar2019neural,
  title={Neural inverse knitting: from images to manufacturing instructions},
  author={Kaspar, Alexandre and Oh, Tae-Hyun and Makatura, Liane and Kellnhofer, Petr and Matusik, Wojciech},
  booktitle=ICML,
  year={2019},
}

@inproceedings{pan2021dual,
  title={Dual pixel exploration: Simultaneous depth estimation and image restoration},
  author={Pan, Liyuan and Chowdhury, Shah and Hartley, Richard and Liu, Miaomiao and Zhang, Hongguang and Li, Hongdong},
  booktitle={Proceedings of the IEEE/CVF Conference on Computer Vision and Pattern Recognition},
  pages={4340--4349},
  year={2021}
}

@article{mirza2014generative,
  title={Generative adversarial nets},
  author={Mirza, Mehdi and Xu, Bing and Warde-Farley, David and Ozair, Sherjil and Courville, Aaron and Bengio, Yoshua and Goodfellow, Ian J and Pouget-Abadie, Jean},
  journal=NIPS,
  year={2014}
}


@article{sandfort2019data,
  title={Data augmentation using generative adversarial networks (CycleGAN) to improve generalizability in CT segmentation tasks},
  author={Sandfort, Veit and Yan, Ke and Pickhardt, Perry J and Summers, Ronald M},
  journal={Scientific reports},
  volume={9},
  pages={16884},
  year={2019}
}

@article{antoniou2017data,
  title={Data augmentation generative adversarial networks},
  author={Antoniou, Antreas and Storkey, Amos and Edwards, Harrison},
  journal={arXiv},
  year={2017}
}
@article{tran2017bayesian,
  title={A bayesian data augmentation approach for learning deep models},
  author={Tran, Toan and Pham, Trung and Carneiro, Gustavo and Palmer, Lyle and Reid, Ian},
  journal=NIPS,
  year={2017}
}

@inproceedings{zheng2017unlabeled,
  title={Unlabeled samples generated by gan improve the person re-identification baseline in vitro},
  author={Zheng, Zhedong and Zheng, Liang and Yang, Yi},
  booktitle=ICCV,
  year={2017}
}

@article{jahanian2021generative,
  title={Generative models as a data source for multiview representation learning},
  author={Jahanian, Ali and Puig, Xavier and Tian, Yonglong and Isola, Phillip},
  journal=ICLR,
  year={2022}
}

@inproceedings{zhang2021datasetgan,
  title={Datasetgan: Efficient labeled data factory with minimal human effort},
  author={Zhang, Yuxuan and Ling, Huan and Gao, Jun and Yin, Kangxue and Lafleche, Jean-Francois and Barriuso, Adela and Torralba, Antonio and Fidler, Sanja},
  booktitle=CVPR,
  year={2021}
}


@article{vaswani2017attention,
  title={Attention is all you need},
  author={Vaswani, Ashish and Shazeer, Noam and Parmar, Niki and Uszkoreit, Jakob and Jones, Llion and Gomez, Aidan N and Kaiser, {\L}ukasz and Polosukhin, Illia},
  journal=NIPS,
  year={2017}
}

@article{raj2023dreambooth3d,
  title={DreamBooth3D: Subject-Driven Text-to-3D Generation},
  author={Raj, Amit and Kaza, Srinivas and Poole, Ben and Niemeyer, Michael and Mildenhall,Ben and Ruiz, Nataniel and Zada, Shiran and Aberman, Kfir and Rubenstein, Michael and Barron, Jonathan and Li, Yuanzhen and Jampani, Varun},
  booktitle={arXiv preprint 2303.13508},
  year={2023}
}

@inproceedings{ruiz2022dreambooth,
  title={DreamBooth: Fine Tuning Text-to-image Diffusion Models for Subject-Driven Generation},
  author={Ruiz, Nataniel and Li, Yuanzhen and Jampani, Varun and Pritch, Yael and Rubinstein, Michael and Aberman, Kfir},
  booktitle=CVPR,
  year={2023}
}

@inproceedings{
poole2023dreamfusion,
title={DreamFusion: Text-to-3D using 2D Diffusion},
author={Ben Poole and Ajay Jain and Jonathan T. Barron and Ben Mildenhall},
booktitle=ICLR,
year={2023},
}

@article{chen2023fantasia3d,
    title={Fantasia3D: Disentangling Geometry and Appearance for High-quality Text-to-3D Content Creation},
    author={Rui Chen and Yongwei Chen and Ningxin Jiao and Kui Jia},
    journal={arXiv preprint arXiv:2303.13873},
    year={2023}
}

@article{he2009learning,
  title={Learning from imbalanced data},
  author={He, Haibo and Garcia, Edwardo A},
  journal={IEEE Transactions on knowledge and data engineering},
  volume={21},
  pages={1263--1284},
  year={2009},
}

@inproceedings{lin2017focal,
  title={Focal loss for dense object detection},
  author={Lin, Tsung-Yi and Goyal, Priya and Girshick, Ross and He, Kaiming and Doll{\'a}r, Piotr},
  booktitle=ICCV,
  year={2017}
}

@inproceedings{ryou2019anchor,
  title={Anchor loss: Modulating loss scale based on prediction difficulty},
  author={Ryou, Serim and Jeong, Seong-Gyun and Perona, Pietro},
  booktitle=ICCV,
  year={2019}
}

@inproceedings{sagawa2020investigation,
  title={An investigation of why overparameterization exacerbates spurious correlations},
  author={Sagawa, Shiori and Raghunathan, Aditi and Koh, Pang Wei and Liang, Percy},
  booktitle=ICML,
  year={2020},
}

@inproceedings{
wang2021longtailed,
title={Long-tailed Recognition by Routing Diverse Distribution-Aware Experts},
author={Xudong Wang and Long Lian and Zhongqi Miao and Ziwei Liu and Stella Yu},
booktitle=ICLR,
year={2021},
}

@inproceedings{zhifei2017cvpr,
  title={Age Progression/Regression by Conditional Adversarial Autoencoder},
  author={Zhang, Zhifei and Song, Yang and Qi, Hairong},
  booktitle=CVPR,
  year={2017},
}

@inproceedings{lee2021learning,
  title={Learning debiased representation via disentangled feature augmentation},
  author={Lee, Jungsoo and Kim, Eungyeup and Lee, Juyoung and Lee, Jihyeon and Choo, Jaegul},
  booktitle=NIPS,
  volume={34},
  year={2021}
}
@inproceedings{LfF,
  title={Learning from failure: Training debiased classifier from biased classifier},
  author={Nam, Junhyun and Cha, Hyuntak and Ahn, Sungsoo and Lee, Jaeho and Shin, Jinwoo},
  booktitle=NIPS,
  year={2020}
}
@inproceedings{kim2022learning,
  title={Learning debiased classifier with biased committee},
  author={Kim, Nayeong and Hwang, Sehyun and Ahn, Sungsoo and Park, Jaesik and Kwak, Suha},
  booktitle=NIPS,
  year={2022}
}
@article{arjovsky2019invariant,
  title={Invariant risk minimization},
  author={Arjovsky, Martin and Bottou, L{\'e}on and Gulrajani, Ishaan and Lopez-Paz, David},
  journal={arXiv preprint arXiv:1907.02893},
  year={2019}
}
@inproceedings{bahng2020learning,
  title={Learning de-biased representations with biased representations},
  author={Bahng, Hyojin and Chun, Sanghyuk and Yun, Sangdoo and Choo, Jaegul and Oh, Seong Joon},
  booktitle=ICML,
  pages={528--539},
  year={2020},
  organization={PMLR}
}
@inproceedings{tartaglione2021end,
  title={EnD: Entangling and Disentangling deep representations for bias correction},
  author={Tartaglione, Enzo and Barbano, Carlo Alberto and Grangetto, Marco},
  booktitle=CVPR,
  pages={13508--13517},
  year={2021}
}
@inproceedings{teney2020unshuffling,
  title={Unshuffling data for improved generalization in visual question answering},
  author={Teney, Damien and Abbasnejad, Ehsan and van den Hengel, Anton},
  booktitle=ICCV,
  pages={1417--1427},
  year={2021}
}
@inproceedings{hwang2022selecmix,
  title={SelecMix: Debiased Learning by Contradicting-pair Sampling},
  author={Hwang, Inwoo and Lee, Sangjun and Kwak, Yunhyeok and Oh, Seong Joon and Teney, Damien and Kim, Jin-Hwa and Zhang, Byoung-Tak},
  booktitle=NIPS,
  year={2022}
}
@inproceedings{yao2022improving,
  title={Improving out-of-distribution robustness via selective augmentation},
  author={Yao, Huaxiu and Wang, Yu and Li, Sai and Zhang, Linjun and Liang, Weixin and Zou, James and Finn, Chelsea},
  booktitle=ICML,
  pages={25407--25437},
  year={2022},
  organization={PMLR}
}
@inproceedings{lee2022surgical,
  title={Surgical fine-tuning improves adaptation to distribution shifts},
  author={Lee, Yoonho and Chen, Annie S and Tajwar, Fahim and Kumar, Ananya and Yao, Huaxiu and Liang, Percy and Finn, Chelsea},
  booktitle=ICLR,
  year={2022}
}

@inproceedings{grady2022pressurevision,
  title={PressureVision: estimating hand pressure from a single RGB image},
  author={Grady, Patrick and Tang, Chengcheng and Brahmbhatt, Samarth and Twigg, Christopher D and Wan, Chengde and Hays, James and Kemp, Charles C},
  booktitle=ECCV,
  year={2022},
}

@inproceedings{rombach2022high,
  title={High-resolution image synthesis with latent diffusion models},
  author={Rombach, Robin and Blattmann, Andreas and Lorenz, Dominik and Esser, Patrick and Ommer, Bj{\"o}rn},
  booktitle=CVPR,
  year={2022}
}

@article{saharia2022photorealistic,
  title={Photorealistic text-to-image diffusion models with deep language understanding},
  author={Saharia, Chitwan and Chan, William and Saxena, Saurabh and Li, Lala and Whang, Jay and Denton, Emily L and Ghasemipour, Kamyar and Gontijo Lopes, Raphael and Karagol Ayan, Burcu and Salimans, Tim and others},
  journal=NIPS,
  year={2022}
}

@article{nichol2021glide,
  title={Glide: Towards photorealistic image generation and editing with text-guided diffusion models},
  author={Nichol, Alex and Dhariwal, Prafulla and Ramesh, Aditya and Shyam, Pranav and Mishkin, Pamela and McGrew, Bob and Sutskever, Ilya and Chen, Mark},
  journal=ICML,
  year={2022}
}
@inproceedings{
chuang2021fair,
title={Fair Mixup: Fairness via Interpolation},
author={Ching-Yao Chuang and Youssef Mroueh},
booktitle=ICLR,
year={2021}
}
@inproceedings{nam2022spread,
title={Spread Spurious Attribute: Improving Worst-group Accuracy with Spurious Attribute Estimation },
author={Junhyun Nam and Jaehyung Kim and Jaeho Lee and Jinwoo Shin},
booktitle=ICLR,
year={2022},
url={https://openreview.net/forum?id=_F9xpOrqyX9}
}

@article{zhang2023deep,
  title={Deep long-tailed learning: A survey},
  author={Zhang, Yifan and Kang, Bingyi and Hooi, Bryan and Yan, Shuicheng and Feng, Jiashi},
  journal=PAMI,
  year={2023}
}

@article{whang2021responsible,
  title={Responsible AI Challenges in End-to-end Machine Learning},
  author={Whang, Steven Euijong and Tae, Ki Hyun and Roh, Yuji and Heo, Geon},
  journal={arXiv preprint arXiv:2101.05967},
  year={2021}
}

@techreport{WelinderEtal2010,
Author = {P. Welinder and S. Branson and T. Mita and C. Wah and F. Schroff and S. Belongie and P. Perona},
Institution = {California Institute of Technology},
Number = {CNS-TR-2010-001},
Title = { {Caltech-UCSD Birds 200} },
Year = {2010}
}

@inproceedings{jung2022learning,
  title={Learning fair classifiers with partially annotated group labels},
  author={Jung, Sangwon and Chun, Sanghyuk and Moon, Taesup},
  booktitle=CVPR,
  year={2022}
}

@inproceedings{chen2015webly,
  title={Webly supervised learning of convolutional networks},
  author={Chen, Xinlei and Gupta, Abhinav},
  booktitle=ICCV,
  year={2015}
}


@inproceedings{yun2019cutmix,
  title={Cutmix: Regularization strategy to train strong classifiers with localizable features},
  author={Yun, Sangdoo and Han, Dongyoon and Oh, Seong Joon and Chun, Sanghyuk and Choe, Junsuk and Yoo, Youngjoon},
  booktitle=ICCV,
  year={2019}
}
@inproceedings{zhang2022correct,
  title={Correct-n-contrast: A contrastive approach for improving robustness to spurious correlations},
  author={Zhang, Michael and Sohoni, Nimit S and Zhang, Hongyang R and Finn, Chelsea and R{\'e}, Christopher},
  booktitle=ICML,
  year={2022}
}

@inproceedings{he2016deep,
  title={Deep residual learning for image recognition},
  author={He, Kaiming and Zhang, Xiangyu and Ren, Shaoqing and Sun, Jian},
  booktitle=CVPR,
  year={2016}
}

@inproceedings{ouyang2022training,
  title={Training language models to follow instructions with human feedback},
  author={Ouyang, Long and Wu, Jeffrey and Jiang, Xu and Almeida, Diogo and Wainwright, Carroll and Mishkin, Pamela and Zhang, Chong and Agarwal, Sandhini and Slama, Katarina and Ray, Alex and others},
  booktitle=NIPS,
  year={2022}
}

@inproceedings{yebin2023textmania,
  title     = {TextManiA: Enriching Visual Feature by Text-driven Manifold Augmentation},
  author    = {Moon Ye-Bin and Jisoo Kim and Hongyeob Kim and Kilho Son and Tae-Hyun Oh},
  booktitle = ICCV,
  year      = {2023},
}

@inproceedings{sambasivan2021everyone,
  title={“Everyone wants to do the model work, not the data work”: Data Cascades in High-Stakes AI},
  author={Sambasivan, Nithya and Kapania, Shivani and Highfill, Hannah and Akrong, Diana and Paritosh, Praveen and Aroyo, Lora M},
  booktitle={proceedings of the 2021 CHI Conference on Human Factors in Computing Systems},
  year={2021}
}

@inproceedings{kingma2014adam,
  title={Adam: A method for stochastic optimization},
  author={Kingma, Diederik P and Ba, Jimmy},
  booktitle=ICLR,
  year={2015}
}


@article{ruder2016overview,
  title={An overview of gradient descent optimization algorithms},
  author={Ruder, Sebastian},
  journal={arXiv preprint arXiv:1609.04747},
  year={2016}
}

