@string{june = {June}}

@article{0705.0166,
 adsnote = {Provided by the SAO/NASA Astrophysics Data System},
 adsurl = {https://ui.adsabs.harvard.edu/abs/2007NJPh....9..444B},
 archiveprefix = {arXiv},
 author = {{Bridle}, Sarah and {King}, Lindsay},
 doi = {10.1088/1367-2630/9/12/444},
 eprint = {0705.0166},
 journal = {New Journal of Physics},
 keywords = {Astrophysics},
 month = {December},
 number = {12},
 pages = {444},
 primaryclass = {astro-ph},
 title = {{Dark energy constraints from cosmic shear power spectra: impact of intrinsic alignments on photometric redshift requirements}},
 volume = {9},
 year = {2007}
}

@ARTICLE{2010.14344,
       author = {{Louis}, Thibaut and {Naess}, Sigurd and {Garrido}, Xavier and {Challinor}, Anthony},
        title = "{Fast computation of angular power spectra and covariances of high-resolution cosmic microwave background maps using the Toeplitz approximation}",
      journal = {\prd},
     keywords = {Astrophysics - Cosmology and Nongalactic Astrophysics},
         year = 2020,
        month = dec,
       volume = {102},
       number = {12},
          eid = {123538},
        pages = {123538},
          doi = {10.1103/PhysRevD.102.123538},
archivePrefix = {arXiv},
       eprint = {2010.14344},
 primaryClass = {astro-ph.CO},
       adsurl = {https://ui.adsabs.harvard.edu/abs/2020PhRvD.102l3538L},
      adsnote = {Provided by the SAO/NASA Astrophysics Data System}
}





@article{GelmanRubin,
       author = {{Gelman}, Andrew and {Rubin}, Donald B.},
        title = "{Inference from Iterative Simulation Using Multiple Sequences}",
      journal = {Statistical Science},
         year = 1992,
        month = jan,
       volume = {7},
        pages = {457-472},
          doi = {10.1214/ss/1177011136},
       adsurl = {https://ui.adsabs.harvard.edu/abs/1992StaSc...7..457G},
      adsnote = {Provided by the SAO/NASA Astrophysics Data System}
}


@ARTICLE{1712.06209,
       author = {{Abbott}, T.~M.~C. and {Abdalla}, F.~B. and {Alarcon}, A. and {Allam}, S. and {Andrade-Oliveira}, F. and {Annis}, J. and {Avila}, S. and {Banerji}, M. and {Banik}, N. and {Bechtol}, K. and {Bernstein}, R.~A. and {Bernstein}, G.~M. and {Bertin}, E. and {Brooks}, D. and {Buckley-Geer}, E. and {Burke}, D.~L. and {Camacho}, H. and {Carnero Rosell}, A. and {Carrasco Kind}, M. and {Carretero}, J. and {Castander}, F.~J. and {Cawthon}, R. and {Chan}, K.~C. and {Crocce}, M. and {Cunha}, C.~E. and {D'Andrea}, C.~B. and {da Costa}, L.~N. and {Davis}, C. and {De Vicente}, J. and {DePoy}, D.~L. and {Desai}, S. and {Diehl}, H.~T. and {Doel}, P. and {Drlica-Wagner}, A. and {Eifler}, T.~F. and {Elvin-Poole}, J. and {Estrada}, J. and {Evrard}, A.~E. and {Flaugher}, B. and {Fosalba}, P. and {Frieman}, J. and {Garc{\'\i}a-Bellido}, J. and {Gaztanaga}, E. and {Gerdes}, D.~W. and {Giannantonio}, T. and {Gruen}, D. and {Gruendl}, R.~A. and {Gschwend}, J. and {Gutierrez}, G. and {Hartley}, W.~G. and {Hollowood}, D. and {Honscheid}, K. and {Hoyle}, B. and {Jain}, B. and {James}, D.~J. and {Jeltema}, T. and {Johnson}, M.~D. and {Kent}, S. and {Kokron}, N. and {Krause}, E. and {Kuehn}, K. and {Kuhlmann}, S. and {Kuropatkin}, N. and {Lacasa}, F. and {Lahav}, O. and {Lima}, M. and {Lin}, H. and {Maia}, M.~A.~G. and {Manera}, M. and {Marriner}, J. and {Marshall}, J.~L. and {Martini}, P. and {Melchior}, P. and {Menanteau}, F. and {Miller}, C.~J. and {Miquel}, R. and {Mohr}, J.~J. and {Neilsen}, E. and {Percival}, W.~J. and {Plazas}, A.~A. and {Porredon}, A. and {Romer}, A.~K. and {Roodman}, A. and {Rosenfeld}, R. and {Ross}, A.~J. and {Rozo}, E. and {Rykoff}, E.~S. and {Sako}, M. and {Sanchez}, E. and {Santiago}, B. and {Scarpine}, V. and {Schindler}, R. and {Schubnell}, M. and {Serrano}, S. and {Sevilla-Noarbe}, I. and {Sheldon}, E. and {Smith}, R.~C. and {Smith}, M. and {Sobreira}, F. and {Suchyta}, E. and {Swanson}, M.~E.~C. and {Tarle}, G. and {Thomas}, D. and {Troxel}, M.~A. and {Tucker}, D.~L. and {Vikram}, V. and {Walker}, A.~R. and {Wechsler}, R.~H. and {Weller}, J. and {Yanny}, B. and {Zhang}, Y.},
        title = "{Dark Energy Survey Year 1 Results: Measurement of the Baryon Acoustic Oscillation scale in the distribution of galaxies to redshift 1}",
      journal = {\mnras},
     keywords = {cosmology: observations, (cosmology:) large-scale structure of Universe, Astrophysics - Cosmology and Nongalactic Astrophysics},
         year = 2019,
        month = mar,
       volume = {483},
       number = {4},
        pages = {4866-4883},
          doi = {10.1093/mnras/sty3351},
archivePrefix = {arXiv},
       eprint = {1712.06209},
 primaryClass = {astro-ph.CO},
       adsurl = {https://ui.adsabs.harvard.edu/abs/2019MNRAS.483.4866A},
      adsnote = {Provided by the SAO/NASA Astrophysics Data System}
}

@ARTICLE{1705.05442,
       author = {{Ross}, Ashley J. and {Banik}, Nilanjan and {Avila}, Santiago and {Percival}, Will J. and {Dodelson}, Scott and {Garcia-Bellido}, Juan and {Crocce}, Martin and {Elvin-Poole}, Jack and {Giannantonio}, Tommaso and {Manera}, Marc and {Sevilla-Noarbe}, Ignacio},
        title = "{Optimized clustering estimators for BAO measurements accounting for significant redshift uncertainty}",
      journal = {\mnras},
     keywords = {distance scale, large-scale structure of Universe, Astrophysics - Cosmology and Nongalactic Astrophysics},
         year = 2017,
        month = dec,
       volume = {472},
       number = {4},
        pages = {4456-4468},
          doi = {10.1093/mnras/stx2120},
archivePrefix = {arXiv},
       eprint = {1705.05442},
 primaryClass = {astro-ph.CO},
       adsurl = {https://ui.adsabs.harvard.edu/abs/2017MNRAS.472.4456R},
      adsnote = {Provided by the SAO/NASA Astrophysics Data System}
}

@ARTICLE{1302.0183,
       author = {{Zuntz}, Joe and {Kacprzak}, Tomasz and {Voigt}, Lisa and {Hirsch}, Michael and {Rowe}, Barnaby and {Bridle}, Sarah},
        title = "{IM3SHAPE: a maximum likelihood galaxy shear measurement code for cosmic gravitational lensing}",
      journal = {\mnras},
     keywords = {gravitational lensing: weak, methods: data analysis, methods: statistical, techniques: image processing, cosmology: observations, dark energy, Astrophysics - Cosmology and Nongalactic Astrophysics},
         year = 2013,
        month = sep,
       volume = {434},
       number = {2},
        pages = {1604-1618},
          doi = {10.1093/mnras/stt1125},
archivePrefix = {arXiv},
       eprint = {1302.0183},
 primaryClass = {astro-ph.CO},
       adsurl = {https://ui.adsabs.harvard.edu/abs/2013MNRAS.434.1604Z},
      adsnote = {Provided by the SAO/NASA Astrophysics Data System}
}




@article{0810.4170,
 adsnote = {Provided by the SAO/NASA Astrophysics Data System},
 adsurl = {https://ui.adsabs.harvard.edu/abs/2009MNRAS.395.2065T},
 archiveprefix = {arXiv},
 author = {{Takada}, Masahiro and {Jain}, Bhuvnesh},
 doi = {10.1111/j.1365-2966.2009.14504.x},
 eprint = {0810.4170},
 journal = {\mnras},
 keywords = {gravitational lensing, cosmology: theory, large-scale structure of universe, Astrophysics},
 month = {June},
 number = {4},
 pages = {2065-2086},
 primaryclass = {astro-ph},
 title = {{The impact of non-Gaussian errors on weak lensing surveys}},
 volume = {395},
 year = {2009}
}

@article{0904.4703,
 adsnote = {Provided by the SAO/NASA Astrophysics Data System},
 adsurl = {https://ui.adsabs.harvard.edu/abs/2009ApJ...702..593S},
 archiveprefix = {arXiv},
 author = {{Schmidt}, Fabian and {Rozo}, Eduardo and {Dodelson}, Scott and {Hui}, Lam and {Sheldon}, Erin},
 doi = {10.1088/0004-637X/702/1/593},
 eprint = {0904.4703},
 journal = {\apj},
 keywords = {cosmology: theory, dark matter, gravitational lensing, large-scale structure of universe, Astrophysics - Cosmology and Extragalactic Astrophysics},
 month = {September},
 number = {1},
 pages = {593-602},
 primaryclass = {astro-ph.CO},
 title = {{Lensing Bias in Cosmic Shear}},
 volume = {702},
 year = {2009}
}

@article{0912.0201,
 adsnote = {Provided by the SAO/NASA Astrophysics Data System},
 adsurl = {https://ui.adsabs.harvard.edu/abs/2009arXiv0912.0201L},
 archiveprefix = {arXiv},
 author = {{LSST Science Collaboration} and {Abell}, Paul A. and {Allison}, Julius and {Anderson}, Scott F. and {Andrew}, John R. and {Angel}, J. Roger P. and {Armus}, Lee and {Arnett}, David and {Asztalos}, S.~J. and {Axelrod}, Tim S. and et al.},
 eid = {arXiv:0912.0201},
 eprint = {0912.0201},
 journal = {arXiv e-prints},
 keywords = {Astrophysics - Instrumentation and Methods for Astrophysics, Astrophysics - Cosmology and Extragalactic Astrophysics, Astrophysics - Earth and Planetary Astrophysics, Astrophysics - Galaxy Astrophysics, Astrophysics - Solar and Stellar Astrophysics},
 month = {December},
 pages = {arXiv:0912.0201},
 primaryclass = {astro-ph.IM},
 title = {{LSST Science Book, Version 2.0}},
 year = {2009}
}

@article{1001.0061,
 adsnote = {Provided by the SAO/NASA Astrophysics Data System},
 adsurl = {https://ui.adsabs.harvard.edu/abs/2010arXiv1001.0061R},
 archiveprefix = {arXiv},
 author = {{Refregier}, A. and {Amara}, A. and {Kitching}, T.~D. and {Rassat}, A. and {Scaramella}, R. and {Weller}, J.},
 eid = {arXiv:1001.0061},
 eprint = {1001.0061},
 journal = {arXiv e-prints},
 keywords = {Astrophysics - Instrumentation and Methods for Astrophysics, Astrophysics - Cosmology and Nongalactic Astrophysics},
 month = {January},
 pages = {arXiv:1001.0061},
 primaryclass = {astro-ph.IM},
 title = {{Euclid Imaging Consortium Science Book}},
 year = {2010}
}

@article{1004.3285,
 adsnote = {Provided by the SAO/NASA Astrophysics Data System},
 adsurl = {https://ui.adsabs.harvard.edu/abs/2012PhRvD..85d3016B},
 archiveprefix = {arXiv},
 author = {{Bucher}, Martin and {Carvalho}, Carla Sofia and {Moodley}, Kavilan and {Remazeilles}, Mathieu},
 doi = {10.1103/PhysRevD.85.043016},
 eid = {043016},
 eprint = {1004.3285},
 journal = {\prd},
 keywords = {98.70.Vc, Background radiations, Astrophysics - Cosmology and Extragalactic Astrophysics},
 month = {February},
 number = {4},
 pages = {043016},
 primaryclass = {astro-ph.CO},
 title = {{CMB lensing reconstruction in real space}},
 volume = {85},
 year = {2012}
}

@article{Deffayet:2010qz,
    author = "Deffayet, Cedric and Pujolas, Oriol and Sawicki, Ignacy and Vikman, Alexander",
    title = "{Imperfect Dark Energy from Kinetic Gravity Braiding}",
    eprint = "1008.0048",
    archivePrefix = "arXiv",
    primaryClass = "hep-th",
    reportNumber = "CERN-PH-TH-2010-166",
    doi = "10.1088/1475-7516/2010/10/026",
    journal = "JCAP",
    volume = "10",
    pages = "026",
    year = "2010"
}


@article{1008.0031,
 adsnote = {Provided by the SAO/NASA Astrophysics Data System},
 adsurl = {https://ui.adsabs.harvard.edu/abs/2010AJ....140.1868W},
 archiveprefix = {arXiv},
 author = {{Wright}, Edward L. and {Eisenhardt}, Peter R.~M. and {Mainzer}, Amy K. and {Ressler}, Michael E. and {Cutri}, Roc M. and {Jarrett}, Thomas and {Kirkpatrick}, J. Davy and {Padgett}, Deborah and {McMillan}, Robert S. and {Skrutskie}, Michael and {Stanford}, S.~A. and {Cohen}, Martin and {Walker}, Russell G. and {Mather}, John C. and {Leisawitz}, David and {Gautier}, Thomas N., III and {McLean}, Ian and {Benford}, Dominic and {Lonsdale}, Carol J. and {Blain}, Andrew and {Mendez}, Bryan and {Irace}, William R. and {Duval}, Valerie and {Liu}, Fengchuan and {Royer}, Don and {Heinrichsen}, Ingolf and {Howard}, Joan and {Shannon}, Mark and {Kendall}, Martha and {Walsh}, Amy L. and {Larsen}, Mark and {Cardon}, Joel G. and {Schick}, Scott and {Schwalm}, Mark and {Abid}, Mohamed and {Fabinsky}, Beth and {Naes}, Larry and {Tsai}, Chao-Wei},
 doi = {10.1088/0004-6256/140/6/1868},
 eprint = {1008.0031},
 journal = {\aj},
 keywords = {infrared: general, space vehicles, surveys, Astrophysics - Instrumentation and Methods for Astrophysics},
 month = {December},
 number = {6},
 pages = {1868-1881},
 primaryclass = {astro-ph.IM},
 title = {{The Wide-field Infrared Survey Explorer (WISE): Mission Description and Initial On-orbit Performance}},
 volume = {140},
 year = {2010}
}

@article{1104.2933,
 adsnote = {Provided by the SAO/NASA Astrophysics Data System},
 adsurl = {https://ui.adsabs.harvard.edu/abs/2011JCAP...07..034B},
 archiveprefix = {arXiv},
 author = {{Blas}, Diego and {Lesgourgues}, Julien and {Tram}, Thomas},
 doi = {10.1088/1475-7516/2011/07/034},
 eid = {034},
 eprint = {1104.2933},
 journal = {\jcap},
 keywords = {Astrophysics - Cosmology and Nongalactic Astrophysics},
 month = {July},
 number = {7},
 pages = {034},
 primaryclass = {astro-ph.CO},
 title = {{The Cosmic Linear Anisotropy Solving System (CLASS). Part II: Approximation schemes}},
 volume = {2011},
 year = {2011}
}

@article{1105.2320,
 adsnote = {Provided by the SAO/NASA Astrophysics Data System},
 adsurl = {https://ui.adsabs.harvard.edu/abs/2011MNRAS.417.1350R},
 archiveprefix = {arXiv},
 author = {{Ross}, Ashley J. and {Ho}, Shirley and {Cuesta}, Antonio J. and {Tojeiro}, Rita and {Percival}, Will J. and {Wake}, David and {Masters}, Karen L. and {Nichol}, Robert C. and {Myers}, Adam D. and {de Simoni}, Fernando and {Seo}, Hee Jong and {Hern{\'a}ndez-Monteagudo}, Carlos and {Crittenden}, Robert and {Blanton}, Michael and {Brinkmann}, J. and {da Costa}, Luiz A.~N. and {Guo}, Hong and {Kazin}, Eyal and {Maia}, Marcio A.~G. and {Maraston}, Claudia and {Padmanabhan}, Nikhil and {Prada}, Francisco and {Ramos}, Beatriz and {Sanchez}, Ariel and {Schlafly}, Edward F. and {Schlegel}, David J. and {Schneider}, Donald P. and {Skibba}, Ramin and {Thomas}, Daniel and {Weaver}, Benjamin A. and {White}, Martin and {Zehavi}, Idit},
 doi = {10.1111/j.1365-2966.2011.19351.x},
 eprint = {1105.2320},
 journal = {\mnras},
 keywords = {methods: statistical, large-scale structure of Universe, Astrophysics - Cosmology and Nongalactic Astrophysics},
 month = {October},
 number = {2},
 pages = {1350-1373},
 primaryclass = {astro-ph.CO},
 title = {{Ameliorating systematic uncertainties in the angular clustering of galaxies: a study using the SDSS-III}},
 volume = {417},
 year = {2011}
}

@article{1201.2137,
 adsnote = {Provided by the SAO/NASA Astrophysics Data System},
 adsurl = {https://ui.adsabs.harvard.edu/abs/2012ApJ...761...14H},
 archiveprefix = {arXiv},
 author = {{Ho}, Shirley and {Cuesta}, Antonio and {Seo}, Hee-Jong and {de Putter}, Roland and {Ross}, Ashley J. and {White}, Martin and {Padmanabhan}, Nikhil and {Saito}, Shun and {Schlegel}, David J. and {Schlafly}, Eddie and {Seljak}, Uros and {Hern{\'a}ndez-Monteagudo}, Carlos and {S{\'a}nchez}, Ariel G. and {Percival}, Will J. and {Blanton}, Michael and {Skibba}, Ramin and {Schneider}, Don and {Reid}, Beth and {Mena}, Olga and {Viel}, Matteo and {Eisenstein}, Daniel J. and {Prada}, Francisco and {Weaver}, Benjamin A. and {Bahcall}, Neta and {Bizyaev}, Dimitry and {Brewinton}, Howard and {Brinkman}, Jon and {Nicolaci da Costa}, Luiz and {Gott}, John R. and {Malanushenko}, Elena and {Malanushenko}, Viktor and {Nichol}, Bob and {Oravetz}, Daniel and {Pan}, Kaike and {Palanque-Delabrouille}, Nathalie and {Ross}, Nicholas P. and {Simmons}, Audrey and {de Simoni}, Fernando and {Snedden}, Stephanie and {Yeche}, Christophe},
 doi = {10.1088/0004-637X/761/1/14},
 eid = {14},
 eprint = {1201.2137},
 journal = {\apj},
 keywords = {cosmological parameters, dark energy, dark matter, distance scale, Astrophysics - Cosmology and Nongalactic Astrophysics},
 month = {December},
 number = {1},
 pages = {14},
 primaryclass = {astro-ph.CO},
 title = {{Clustering of Sloan Digital Sky Survey III Photometric Luminous Galaxies: The Measurement, Systematics, and Cosmological Implications}},
 volume = {761},
 year = {2012}
}

@article{Metropolis,
       author = {{Metropolis}, Nicholas and {Rosenbluth}, Arianna W. and {Rosenbluth}, Marshall N. and {Teller}, Augusta H. and {Teller}, Edward},
        title = "{Equation of State Calculations by Fast Computing Machines}",
      journal = {\jcp},
         year = 1953,
        month = jun,
       volume = {21},
       number = {6},
        pages = {1087-1092},
          doi = {10.1063/1.1699114},
       adsurl = {https://ui.adsabs.harvard.edu/abs/1953JChPh..21.1087M},
      adsnote = {Provided by the SAO/NASA Astrophysics Data System}
}

@article{Hastings,
    author = "Hastings, W. K.",
    title = "{Monte Carlo Sampling Methods Using Markov Chains and Their Applications}",
    doi = "10.1093/biomet/57.1.97",
    journal = "Biometrika",
    volume = "57",
    pages = "97--109",
    year = "1970"
}

@article{1201.3654,
 adsnote = {Provided by the SAO/NASA Astrophysics Data System},
 adsurl = {https://ui.adsabs.harvard.edu/abs/2012JCAP...04..027H},
 archiveprefix = {arXiv},
 author = {{Howlett}, Cullan and {Lewis}, Antony and {Hall}, Alex and {Challinor}, Anthony},
 doi = {10.1088/1475-7516/2012/04/027},
 eid = {027},
 eprint = {1201.3654},
 journal = {\jcap},
 keywords = {Astrophysics - Cosmology and Extragalactic Astrophysics},
 month = {April},
 number = {4},
 pages = {027},
 primaryclass = {astro-ph.CO},
 title = {{CMB power spectrum parameter degeneracies in the era of precision cosmology}},
 volume = {2012},
 year = {2012}
}

@article{1203.6499,
 adsnote = {Provided by the SAO/NASA Astrophysics Data System},
 adsurl = {https://ui.adsabs.harvard.edu/abs/2012MNRAS.424..564R},
 archiveprefix = {arXiv},
 author = {{Ross}, Ashley J. and {Percival}, Will J. and {S{\'a}nchez}, Ariel G. and {Samushia}, Lado and {Ho}, Shirley and {Kazin}, Eyal and {Manera}, Marc and {Reid}, Beth and {White}, Martin and {Tojeiro}, Rita and {McBride}, Cameron K. and {Xu}, Xiaoying and {Wake}, David A. and {Strauss}, Michael A. and {Montesano}, Francesco and {Swanson}, Molly E.~C. and {Bailey}, Stephen and {Bolton}, Adam S. and {Dorta}, Antonio Montero and {Eisenstein}, Daniel J. and {Guo}, Hong and {Hamilton}, Jean-Christophe and {Nichol}, Robert C. and {Padmanabhan}, Nikhil and {Prada}, Francisco and {Schlegel}, David J. and {Maga{\~n}a}, Mariana Vargas and {Zehavi}, Idit and {Blanton}, Michael and {Bizyaev}, Dmitry and {Brewington}, Howard and {Cuesta}, Antonio J. and {Malanushenko}, Elena and {Malanushenko}, Viktor and {Oravetz}, Daniel and {Parejko}, John and {Pan}, Kaike and {Schneider}, Donald P. and {Shelden}, Alaina and {Simmons}, Audrey and {Snedden}, Stephanie and {Zhao}, Gong-bo},
 doi = {10.1111/j.1365-2966.2012.21235.x},
 eprint = {1203.6499},
 journal = {\mnras},
 keywords = {cosmology: observations, distance scale, large-scale structure of Universe, Astrophysics - Cosmology and Nongalactic Astrophysics},
 month = {July},
 number = {1},
 pages = {564-590},
 primaryclass = {astro-ph.CO},
 title = {{The clustering of galaxies in the SDSS-III Baryon Oscillation Spectroscopic Survey: analysis of potential systematics}},
 volume = {424},
 year = {2012}
}

@article{1208.2701,
 adsnote = {Provided by the SAO/NASA Astrophysics Data System},
 adsurl = {https://ui.adsabs.harvard.edu/abs/2012ApJ...761..152T},
 archiveprefix = {arXiv},
 author = {{Takahashi}, Ryuichi and {Sato}, Masanori and {Nishimichi}, Takahiro and {Taruya}, Atsushi and {Oguri}, Masamune},
 doi = {10.1088/0004-637X/761/2/152},
 eid = {152},
 eprint = {1208.2701},
 journal = {\apj},
 keywords = {cosmology: theory, large-scale structure of universe, methods: numerical, Astrophysics - Cosmology and Nongalactic Astrophysics, General Relativity and Quantum Cosmology},
 month = {December},
 number = {2},
 pages = {152},
 primaryclass = {astro-ph.CO},
 title = {{Revising the Halofit Model for the Nonlinear Matter Power Spectrum}},
 volume = {761},
 year = {2012}
}

@article{1210.7183,
 adsnote = {Provided by the SAO/NASA Astrophysics Data System},
 adsurl = {https://ui.adsabs.harvard.edu/abs/2013JCAP...02..001A},
 archiveprefix = {arXiv},
 author = {{Audren}, Benjamin and {Lesgourgues}, Julien and {Benabed}, Karim and {Prunet}, Simon},
 doi = {10.1088/1475-7516/2013/02/001},
 eid = {001},
 eprint = {1210.7183},
 journal = {\jcap},
 keywords = {Astrophysics - Cosmology and Nongalactic Astrophysics},
 month = {February},
 number = {2},
 pages = {001},
 primaryclass = {astro-ph.CO},
 title = {{Conservative constraints on early cosmology with MONTE PYTHON}},
 volume = {2013},
 year = {2013}
}

@article{1302.6994,
 adsnote = {Provided by the SAO/NASA Astrophysics Data System},
 adsurl = {https://ui.adsabs.harvard.edu/abs/2013PhRvD..87l3504T},
 archiveprefix = {arXiv},
 author = {{Takada}, Masahiro and {Hu}, Wayne},
 doi = {10.1103/PhysRevD.87.123504},
 eid = {123504},
 eprint = {1302.6994},
 journal = {\prd},
 keywords = {98.80.-k, 95.36.+x, 98.65.Dx, Cosmology, Dark energy, Superclusters, large-scale structure of the Universe, Astrophysics - Cosmology and Extragalactic Astrophysics},
 month = {June},
 number = {12},
 pages = {123504},
 primaryclass = {astro-ph.CO},
 title = {{Power spectrum super-sample covariance}},
 volume = {87},
 year = {2013}
}

@article{1307.6212,
 adsnote = {Provided by the SAO/NASA Astrophysics Data System},
 adsurl = {https://ui.adsabs.harvard.edu/abs/2013A&A...558A..33A},
 archiveprefix = {arXiv},
 author = {{Astropy Collaboration} and {Robitaille}, Thomas P. and {Tollerud}, Erik J. and {Greenfield}, Perry and {Droettboom}, Michael and {Bray}, Erik and {Aldcroft}, Tom and {Davis}, Matt and {Ginsburg}, Adam and {Price-Whelan}, Adrian M. and {Kerzendorf}, Wolfgang E. and {Conley}, Alexander and {Crighton}, Neil and {Barbary}, Kyle and {Muna}, Demitri and {Ferguson}, Henry and {Grollier}, Fr{\'e}d{\'e}ric and {Parikh}, Madhura M. and {Nair}, Prasanth H. and {Unther}, Hans M. and {Deil}, Christoph and {Woillez}, Julien and {Conseil}, Simon and {Kramer}, Roban and {Turner}, James E.~H. and {Singer}, Leo and {Fox}, Ryan and {Weaver}, Benjamin A. and {Zabalza}, Victor and {Edwards}, Zachary I. and {Azalee Bostroem}, K. and {Burke}, D.~J. and {Casey}, Andrew R. and {Crawford}, Steven M. and {Dencheva}, Nadia and {Ely}, Justin and {Jenness}, Tim and {Labrie}, Kathleen and {Lim}, Pey Lian and {Pierfederici}, Francesco and {Pontzen}, Andrew and {Ptak}, Andy and {Refsdal}, Brian and {Servillat}, Mathieu and {Streicher}, Ole},
 doi = {10.1051/0004-6361/201322068},
 eid = {A33},
 eprint = {1307.6212},
 journal = {\aap},
 keywords = {methods: data analysis, methods: miscellaneous, virtual observatory tools, Astrophysics - Instrumentation and Methods for Astrophysics},
 month = {October},
 pages = {A33},
 primaryclass = {astro-ph.IM},
 title = {{Astropy: A community Python package for astronomy}},
 volume = {558},
 year = {2013}
}

@article{1308.0847,
 adsnote = {Provided by the SAO/NASA Astrophysics Data System},
 adsurl = {https://ui.adsabs.harvard.edu/abs/2013arXiv1308.0847L},
 archiveprefix = {arXiv},
 author = {{Levi}, Michael and {Bebek}, Chris and {Beers}, Timothy and {Blum}, Robert and {Cahn}, Robert and {Eisenstein}, Daniel and {Flaugher}, Brenna and {Honscheid}, Klaus and {Kron}, Richard and {Lahav}, Ofer and {McDonald}, Patrick and {Roe}, Natalie and {Schlegel}, David and {representing the DESI collaboration}},
 eid = {arXiv:1308.0847},
 eprint = {1308.0847},
 journal = {arXiv e-prints},
 keywords = {Astrophysics - Cosmology and Extragalactic Astrophysics, Astrophysics - Instrumentation and Methods for Astrophysics},
 month = {August},
 pages = {arXiv:1308.0847},
 primaryclass = {astro-ph.CO},
 title = {{The DESI Experiment, a whitepaper for Snowmass 2013}},
 year = {2013}
}

@article{1311.5246,
 adsnote = {Provided by the SAO/NASA Astrophysics Data System},
 adsurl = {https://ui.adsabs.harvard.edu/abs/2014ApJS..210....9B},
 archiveprefix = {arXiv},
 author = {{Bilicki}, Maciej and {Jarrett}, Thomas H. and {Peacock}, John A. and {Cluver}, Michelle E. and {Steward}, Louise},
 doi = {10.1088/0067-0049/210/1/9},
 eid = {9},
 eprint = {1311.5246},
 journal = {\apjs},
 keywords = {catalogs, galaxies: distances and redshifts, large-scale structure of universe, methods: data analysis, methods: statistical, surveys, Astrophysics - Cosmology and Extragalactic Astrophysics, Astrophysics - Instrumentation and Methods for Astrophysics},
 month = {January},
 number = {1},
 pages = {9},
 primaryclass = {astro-ph.CO},
 title = {{Two Micron All Sky Survey Photometric Redshift Catalog: A Comprehensive Three-dimensional Census of the Whole Sky}},
 volume = {210},
 year = {2014}
}

@article{1312.5341,
 adsnote = {Provided by the SAO/NASA Astrophysics Data System},
 adsurl = {https://ui.adsabs.harvard.edu/abs/2014MNRAS.440.3645M},
 archiveprefix = {arXiv},
 author = {{McCarthy}, I.~G. and {Le Brun}, A.~M.~C. and {Schaye}, J. and {Holder}, G.~P.},
 doi = {10.1093/mnras/stu543},
 eprint = {1312.5341},
 journal = {\mnras},
 keywords = {galaxies: clusters: general, galaxies: clusters: intracluster medium, cosmic background radiation, cosmological parameters, cosmology: theory, Astrophysics - Cosmology and Nongalactic Astrophysics},
 month = {June},
 number = {4},
 pages = {3645-3657},
 primaryclass = {astro-ph.CO},
 title = {{The thermal Sunyaev-Zel'dovich effect power spectrum in light of Planck}},
 volume = {440},
 year = {2014}
}

@article{1502.01591,
 adsnote = {Provided by the SAO/NASA Astrophysics Data System},
 adsurl = {https://ui.adsabs.harvard.edu/abs/2016A&A...594A..15P},
 archiveprefix = {arXiv},
 author = {{Planck Collaboration} and {Ade}, P.~A.~R. and {Aghanim}, N. and {Arnaud}, M. and {Ashdown}, M. and {Aumont}, J. and {Baccigalupi}, C. and {Banday}, A.~J. and {Barreiro}, R.~B. and {Bartlett}, J.~G. and et al.},
 doi = {10.1051/0004-6361/201525941},
 eid = {A15},
 eprint = {1502.01591},
 journal = {\aap},
 keywords = {gravitational lensing: weak, cosmological parameters, cosmic background radiation, large-scale structure of Universe, cosmology: observations, Astrophysics - Cosmology and Nongalactic Astrophysics},
 month = {September},
 pages = {A15},
 primaryclass = {astro-ph.CO},
 title = {{Planck 2015 results. XV. Gravitational lensing}},
 volume = {594},
 year = {2016}
}

@article{1502.01596,
 adsnote = {Provided by the SAO/NASA Astrophysics Data System},
 adsurl = {https://ui.adsabs.harvard.edu/abs/2016A&A...594A..22P},
 archiveprefix = {arXiv},
 author = {{Planck Collaboration} and {Aghanim}, N. and {Arnaud}, M. and {Ashdown}, M. and {Aumont}, J. and {Baccigalupi}, C. and {Banday}, A.~J. and {Barreiro}, R.~B. and {Bartlett}, J.~G. and {Bartolo}, N. and et al.},
 doi = {10.1051/0004-6361/201525826},
 eid = {A22},
 eprint = {1502.01596},
 journal = {\aap},
 keywords = {large-scale structure of Universe, cosmology: observations, Astrophysics - Cosmology and Nongalactic Astrophysics},
 month = {September},
 pages = {A22},
 primaryclass = {astro-ph.CO},
 title = {{Planck 2015 results. XXII. A map of the thermal Sunyaev-Zeldovich effect}},
 volume = {594},
 year = {2016}
}

@article{1502.05956,
 adsnote = {Provided by the SAO/NASA Astrophysics Data System},
 adsurl = {https://ui.adsabs.harvard.edu/abs/2016A&A...594A...9P},
 archiveprefix = {arXiv},
 author = {{Planck Collaboration} and {Adam}, R. and {Ade}, P.~A.~R. and {Aghanim}, N. and {Arnaud}, M. and {Ashdown}, M. and {Aumont}, J. and {Baccigalupi}, C. and {Banday}, A.~J. and {Barreiro}, R.~B. and et al.},
 doi = {10.1051/0004-6361/201525936},
 eid = {A9},
 eprint = {1502.05956},
 journal = {\aap},
 keywords = {cosmology: observations, polarization, cosmic background radiation, diffuse radiation, Astrophysics - Cosmology and Nongalactic Astrophysics},
 month = {September},
 pages = {A9},
 primaryclass = {astro-ph.CO},
 title = {{Planck 2015 results. IX. Diffuse component separation: CMB maps}},
 volume = {594},
 year = {2016}
}

@article{1504.02900,
 adsnote = {Provided by the SAO/NASA Astrophysics Data System},
 adsurl = {https://ui.adsabs.harvard.edu/abs/2015AJ....150..150F},
 archiveprefix = {arXiv},
 author = {{Flaugher}, B. and {Diehl}, H.~T. and {Honscheid}, K. and {Abbott}, T.~M.~C. and {Alvarez}, O. and {Angstadt}, R. and {Annis}, J.~T. and {Antonik}, M. and {Ballester}, O. and {Beaufore}, L. and {Bernstein}, G.~M. and {Bernstein}, R.~A. and {Bigelow}, B. and {Bonati}, M. and {Boprie}, D. and {Brooks}, D. and {Buckley-Geer}, E.~J. and {Campa}, J. and {Cardiel-Sas}, L. and {Castander}, F.~J. and {Castilla}, J. and {Cease}, H. and {Cela-Ruiz}, J.~M. and {Chappa}, S. and {Chi}, E. and {Cooper}, C. and {da Costa}, L.~N. and {Dede}, E. and {Derylo}, G. and {DePoy}, D.~L. and {de Vicente}, J. and {Doel}, P. and {Drlica-Wagner}, A. and {Eiting}, J. and {Elliott}, A.~E. and {Emes}, J. and {Estrada}, J. and {Fausti Neto}, A. and {Finley}, D.~A. and {Flores}, R. and {Frieman}, J. and {Gerdes}, D. and {Gladders}, M.~D. and {Gregory}, B. and {Gutierrez}, G.~R. and {Hao}, J. and {Holland}, S.~E. and {Holm}, S. and {Huffman}, D. and {Jackson}, C. and {James}, D.~J. and {Jonas}, M. and {Karcher}, A. and {Karliner}, I. and {Kent}, S. and {Kessler}, R. and {Kozlovsky}, M. and {Kron}, R.~G. and {Kubik}, D. and {Kuehn}, K. and {Kuhlmann}, S. and {Kuk}, K. and {Lahav}, O. and {Lathrop}, A. and {Lee}, J. and {Levi}, M.~E. and {Lewis}, P. and {Li}, T.~S. and {Mandrichenko}, I. and {Marshall}, J.~L. and {Martinez}, G. and {Merritt}, K.~W. and {Miquel}, R. and {Mu{\~n}oz}, F. and {Neilsen}, E.~H. and {Nichol}, R.~C. and {Nord}, B. and {Ogando}, R. and {Olsen}, J. and {Palaio}, N. and {Patton}, K. and {Peoples}, J. and {Plazas}, A.~A. and {Rauch}, J. and {Reil}, K. and {Rheault}, J. -P. and {Roe}, N.~A. and {Rogers}, H. and {Roodman}, A. and {Sanchez}, E. and {Scarpine}, V. and {Schindler}, R.~H. and {Schmidt}, R. and {Schmitt}, R. and {Schubnell}, M. and {Schultz}, K. and {Schurter}, P. and {Scott}, L. and {Serrano}, S. and {Shaw}, T.~M. and {Smith}, R.~C. and {Soares-Santos}, M. and {Stefanik}, A. and {Stuermer}, W. and {Suchyta}, E. and {Sypniewski}, A. and {Tarle}, G. and {Thaler}, J. and {Tighe}, R. and {Tran}, C. and {Tucker}, D. and {Walker}, A.~R. and {Wang}, G. and {Watson}, M. and {Weaverdyck}, C. and {Wester}, W. and {Woods}, R. and {Yanny}, B. and {DES Collaboration}},
 doi = {10.1088/0004-6256/150/5/150},
 eid = {150},
 eprint = {1504.02900},
 journal = {\aj},
 keywords = {atlases, catalogs, cosmology: observations, instrumentation: detectors, instrumentation: photometers, surveys, Astrophysics - Instrumentation and Methods for Astrophysics},
 month = {November},
 number = {5},
 pages = {150},
 primaryclass = {astro-ph.IM},
 title = {{The Dark Energy Camera}},
 volume = {150},
 year = {2015}
}

@article{1507.05460,
 adsnote = {Provided by the SAO/NASA Astrophysics Data System},
 adsurl = {https://ui.adsabs.harvard.edu/abs/2016MNRAS.461.1431R},
 archiveprefix = {arXiv},
 author = {{Rozo}, E. and {Rykoff}, E.~S. and {Abate}, A. and {Bonnett}, C. and {Crocce}, M. and {Davis}, C. and {Hoyle}, B. and {Leistedt}, B. and {Peiris}, H.~V. and {Wechsler}, R.~H. and {Abbott}, T. and {Abdalla}, F.~B. and {Banerji}, M. and {Bauer}, A.~H. and {Benoit-L{\'e}vy}, A. and {Bernstein}, G.~M. and {Bertin}, E. and {Brooks}, D. and {Buckley-Geer}, E. and {Burke}, D.~L. and {Capozzi}, D. and {Rosell}, A. Carnero and {Carollo}, D. and {Kind}, M. Carrasco and {Carretero}, J. and {Castander}, F.~J. and {Childress}, M.~J. and {Cunha}, C.~E. and {D'Andrea}, C.~B. and {Davis}, T. and {DePoy}, D.~L. and {Desai}, S. and {Diehl}, H.~T. and {Dietrich}, J.~P. and {Doel}, P. and {Eifler}, T.~F. and {Evrard}, A.~E. and {Neto}, A. Fausti and {Flaugher}, B. and {Fosalba}, P. and {Frieman}, J. and {Gaztanaga}, E. and {Gerdes}, D.~W. and {Glazebrook}, K. and {Gruen}, D. and {Gruendl}, R.~A. and {Honscheid}, K. and {James}, D.~J. and {Jarvis}, M. and {Kim}, A.~G. and {Kuehn}, K. and {Kuropatkin}, N. and {Lahav}, O. and {Lidman}, C. and {Lima}, M. and {Maia}, M.~A.~G. and {March}, M. and {Martini}, P. and {Melchior}, P. and {Miller}, C.~J. and {Miquel}, R. and {Mohr}, J.~J. and {Nichol}, R.~C. and {Nord}, B. and {O'Neill}, C.~R. and {Ogando}, R. and {Plazas}, A.~A. and {Romer}, A.~K. and {Roodman}, A. and {Sako}, M. and {Sanchez}, E. and {Santiago}, B. and {Schubnell}, M. and {Sevilla-Noarbe}, I. and {Smith}, R.~C. and {Soares-Santos}, M. and {Sobreira}, F. and {Suchyta}, E. and {Swanson}, M.~E.~C. and {Thaler}, J. and {Thomas}, D. and {Uddin}, S. and {Vikram}, V. and {Walker}, A.~R. and {Wester}, W. and {Zhang}, Y. and {da Costa}, L.~N.},
 doi = {10.1093/mnras/stw1281},
 eprint = {1507.05460},
 journal = {\mnras},
 keywords = {methods: statistical, techniques: photometric, galaxies: general, Astrophysics - Instrumentation and Methods for Astrophysics, Astrophysics - Cosmology and Nongalactic Astrophysics, Astrophysics - Astrophysics of Galaxies},
 month = {September},
 number = {2},
 pages = {1431-1450},
 primaryclass = {astro-ph.IM},
 title = {{redMaGiC: selecting luminous red galaxies from the DES Science Verification data}},
 volume = {461},
 year = {2016}
}

@article{1507.05598,
 adsnote = {Provided by the SAO/NASA Astrophysics Data System},
 adsurl = {https://ui.adsabs.harvard.edu/abs/2016PhRvD..94b2002B},
 archiveprefix = {arXiv},
 author = {{Becker}, M.~R. and {Troxel}, M.~A. and {MacCrann}, N. and {Krause}, E. and {Eifler}, T.~F. and {Friedrich}, O. and {Nicola}, A. and {Refregier}, A. and {Amara}, A. and {Bacon}, D. and {Bernstein}, G.~M. and {Bonnett}, C. and {Bridle}, S.~L. and {Busha}, M.~T. and {Chang}, C. and {Dodelson}, S. and {Erickson}, B. and {Evrard}, A.~E. and {Frieman}, J. and {Gaztanaga}, E. and {Gruen}, D. and {Hartley}, W. and {Jain}, B. and {Jarvis}, M. and {Kacprzak}, T. and {Kirk}, D. and {Kravtsov}, A. and {Leistedt}, B. and {Peiris}, H.~V. and {Rykoff}, E.~S. and {Sabiu}, C. and {S{\'a}nchez}, C. and {Seo}, H. and {Sheldon}, E. and {Wechsler}, R.~H. and {Zuntz}, J. and {Abbott}, T. and {Abdalla}, F.~B. and {Allam}, S. and {Armstrong}, R. and {Banerji}, M. and {Bauer}, A.~H. and {Benoit-L{\'e}vy}, A. and {Bertin}, E. and {Brooks}, D. and {Buckley-Geer}, E. and {Burke}, D.~L. and {Capozzi}, D. and {Carnero Rosell}, A. and {Carrasco Kind}, M. and {Carretero}, J. and {Castander}, F.~J. and {Crocce}, M. and {Cunha}, C.~E. and {D'Andrea}, C.~B. and {da Costa}, L.~N. and {DePoy}, D.~L. and {Desai}, S. and {Diehl}, H.~T. and {Dietrich}, J.~P. and {Doel}, P. and {Fausti Neto}, A. and {Fernandez}, E. and {Finley}, D.~A. and {Flaugher}, B. and {Fosalba}, P. and {Gerdes}, D.~W. and {Gruendl}, R.~A. and {Gutierrez}, G. and {Honscheid}, K. and {James}, D.~J. and {Kuehn}, K. and {Kuropatkin}, N. and {Lahav}, O. and {Li}, T.~S. and {Lima}, M. and {Maia}, M.~A.~G. and {March}, M. and {Martini}, P. and {Melchior}, P. and {Miller}, C.~J. and {Miquel}, R. and {Mohr}, J.~J. and {Nichol}, R.~C. and {Nord}, B. and {Ogando}, R. and {Plazas}, A.~A. and {Reil}, K. and {Romer}, A.~K. and {Roodman}, A. and {Sako}, M. and {Sanchez}, E. and {Scarpine}, V. and {Schubnell}, M. and {Sevilla-Noarbe}, I. and {Smith}, R.~C. and {Soares-Santos}, M. and {Sobreira}, F. and {Suchyta}, E. and {Swanson}, M.~E.~C. and {Tarle}, G. and {Thaler}, J. and {Thomas}, D. and {Vikram}, V. and {Walker}, A.~R. and {Dark Energy Survey Collaboration}},
 doi = {10.1103/PhysRevD.94.022002},
 eid = {022002},
 eprint = {1507.05598},
 journal = {\prd},
 keywords = {Astrophysics - Cosmology and Nongalactic Astrophysics},
 month = {July},
 number = {2},
 pages = {022002},
 primaryclass = {astro-ph.CO},
 title = {{Cosmic shear measurements with Dark Energy Survey Science Verification data}},
 volume = {94},
 year = {2016}
}

@article{1509.04071,
 adsnote = {Provided by the SAO/NASA Astrophysics Data System},
 adsurl = {https://ui.adsabs.harvard.edu/abs/2016MNRAS.456.1508K},
 archiveprefix = {arXiv},
 author = {{K{\"o}hlinger}, F. and {Viola}, M. and {Valkenburg}, W. and {Joachimi}, B. and {Hoekstra}, H. and {Kuijken}, K.},
 doi = {10.1093/mnras/stv2762},
 eprint = {1509.04071},
 journal = {\mnras},
 keywords = {gravitational lensing: weak, cosmological parameters, cosmology: observations, large-scale structure of Universe, Astrophysics - Cosmology and Nongalactic Astrophysics},
 month = {February},
 number = {2},
 pages = {1508-1527},
 primaryclass = {astro-ph.CO},
 title = {{A direct measurement of tomographic lensing power spectra from CFHTLenS}},
 volume = {456},
 year = {2016}
}

@article{1604.02350,
 adsnote = {Provided by the SAO/NASA Astrophysics Data System},
 adsurl = {https://ui.adsabs.harvard.edu/abs/2016ApJS..224...24L},
 archiveprefix = {arXiv},
 author = {{Laigle}, C. and {McCracken}, H.~J. and {Ilbert}, O. and {Hsieh}, B.~C. and {Davidzon}, I. and {Capak}, P. and {Hasinger}, G. and {Silverman}, J.~D. and {Pichon}, C. and {Coupon}, J. and {Aussel}, H. and {Le Borgne}, D. and {Caputi}, K. and {Cassata}, P. and {Chang}, Y. -Y. and {Civano}, F. and {Dunlop}, J. and {Fynbo}, J. and {Kartaltepe}, J.~S. and {Koekemoer}, A. and {Le F{\`e}vre}, O. and {Le Floc'h}, E. and {Leauthaud}, A. and {Lilly}, S. and {Lin}, L. and {Marchesi}, S. and {Milvang-Jensen}, B. and {Salvato}, M. and {Sanders}, D.~B. and {Scoville}, N. and {Smolcic}, V. and {Stockmann}, M. and {Taniguchi}, Y. and {Tasca}, L. and {Toft}, S. and {Vaccari}, Mattia and {Zabl}, J.},
 doi = {10.3847/0067-0049/224/2/24},
 eid = {24},
 eprint = {1604.02350},
 journal = {\apjs},
 keywords = {catalogs, galaxies: evolution, galaxies: high-redshift, galaxies: photometry, methods: observational, techniques: photometric, Astrophysics - Astrophysics of Galaxies, Astrophysics - Cosmology and Nongalactic Astrophysics},
 month = {June},
 number = {2},
 pages = {24},
 primaryclass = {astro-ph.GA},
 title = {{The COSMOS2015 Catalog: Exploring the $1 < z < 6$ Universe with Half a Million Galaxies}},
 volume = {224},
 year = {2016}
}

@article{1606.05338,
 adsnote = {Provided by the SAO/NASA Astrophysics Data System},
 adsurl = {https://ui.adsabs.harvard.edu/abs/2017MNRAS.465.1454H},
 archiveprefix = {arXiv},
 author = {{Hildebrandt}, H. and {Viola}, M. and {Heymans}, C. and {Joudaki}, S. and {Kuijken}, K. and {Blake}, C. and {Erben}, T. and {Joachimi}, B. and {Klaes}, D. and {Miller}, L. and {Morrison}, C.~B. and {Nakajima}, R. and {Verdoes Kleijn}, G. and {Amon}, A. and {Choi}, A. and {Covone}, G. and {de Jong}, J.~T.~A. and {Dvornik}, A. and {Fenech Conti}, I. and {Grado}, A. and {Harnois-D{\'e}raps}, J. and {Herbonnet}, R. and {Hoekstra}, H. and {K{\"o}hlinger}, F. and {McFarland}, J. and {Mead}, A. and {Merten}, J. and {Napolitano}, N. and {Peacock}, J.~A. and {Radovich}, M. and {Schneider}, P. and {Simon}, P. and {Valentijn}, E.~A. and {van den Busch}, J.~L. and {van Uitert}, E. and {Van Waerbeke}, L.},
 doi = {10.1093/mnras/stw2805},
 eprint = {1606.05338},
 journal = {\mnras},
 keywords = {gravitational lensing: weak, surveys, galaxies: photometry, cosmology: observations, Astrophysics - Cosmology and Nongalactic Astrophysics},
 month = {February},
 number = {2},
 pages = {1454-1498},
 primaryclass = {astro-ph.CO},
 title = {{KiDS-450: cosmological parameter constraints from tomographic weak gravitational lensing}},
 volume = {465},
 year = {2017}
}

@article{1606.05345,
 adsnote = {Provided by the SAO/NASA Astrophysics Data System},
 adsurl = {https://ui.adsabs.harvard.edu/abs/2017MNRAS.464.1282M},
 archiveprefix = {arXiv},
 author = {{Mead}, A.~J.},
 doi = {10.1093/mnras/stw2312},
 eprint = {1606.05345},
 journal = {\mnras},
 keywords = {cosmology: theory, dark energy, large-scale structure of Universe, Astrophysics - Cosmology and Nongalactic Astrophysics},
 month = {January},
 number = {2},
 pages = {1282-1293},
 primaryclass = {astro-ph.CO},
 title = {{Spherical collapse, formation hysteresis and the deeply non-linear cosmological power spectrum}},
 volume = {464},
 year = {2017}
}

@article{1607.01182,
 adsnote = {Provided by the SAO/NASA Astrophysics Data System},
 adsurl = {https://ui.adsabs.harvard.edu/abs/2016ApJS..225....5B},
 archiveprefix = {arXiv},
 author = {{Bilicki}, Maciej and {Peacock}, John A. and {Jarrett}, Thomas H. and {Cluver}, Michelle E. and {Maddox}, Natasha and {Brown}, Michael J.~I. and {Taylor}, Edward N. and {Hambly}, Nigel C. and {Solarz}, Aleksandra and {Holwerda}, Benne W. and {Baldry}, Ivan and {Loveday}, Jon and {Moffett}, Amanda and {Hopkins}, Andrew M. and {Driver}, Simon P. and {Alpaslan}, Mehmet and {Bland-Hawthorn}, Joss},
 doi = {10.3847/0067-0049/225/1/5},
 eid = {5},
 eprint = {1607.01182},
 journal = {\apjs},
 keywords = {catalogs, galaxies: distances and redshifts, large-scale structure of universe, methods: data analysis, methods: statistical, surveys, Astrophysics - Cosmology and Nongalactic Astrophysics, Astrophysics - Astrophysics of Galaxies, Astrophysics - Instrumentation and Methods for Astrophysics},
 month = {July},
 number = {1},
 pages = {5},
 primaryclass = {astro-ph.CO},
 title = {{WISE {\texttimes} SuperCOSMOS Photometric Redshift Catalog: 20 Million Galaxies over 3/pi Steradians}},
 volume = {225},
 year = {2016}
}

@article{1607.03143,
 adsnote = {Provided by the SAO/NASA Astrophysics Data System},
 adsurl = {https://ui.adsabs.harvard.edu/abs/2017MNRAS.467.2085G},
 archiveprefix = {arXiv},
 author = {{Grieb}, Jan Niklas and {S{\'a}nchez}, Ariel G. and {Salazar-Albornoz}, Salvador and {Scoccimarro}, Rom{\'a}n and {Crocce}, Mart{\'\i}n and {Dalla Vecchia}, Claudio and {Montesano}, Francesco and {Gil-Mar{\'\i}n}, H{\'e}ctor and {Ross}, Ashley J. and {Beutler}, Florian and {Rodr{\'\i}guez-Torres}, Sergio and {Chuang}, Chia-Hsun and {Prada}, Francisco and {Kitaura}, Francisco-Shu and {Cuesta}, Antonio J. and {Eisenstein}, Daniel J. and {Percival}, Will J. and {Vargas-Maga{\~n}a}, Mariana and {Tinker}, Jeremy L. and {Tojeiro}, Rita and {Brownstein}, Joel R. and {Maraston}, Claudia and {Nichol}, Robert C. and {Olmstead}, Matthew D. and {Samushia}, Lado and {Seo}, Hee-Jong and {Streblyanska}, Alina and {Zhao}, Gong-bo},
 doi = {10.1093/mnras/stw3384},
 eprint = {1607.03143},
 journal = {\mnras},
 keywords = {cosmology: observations, cosmological parameters, dark energy, large-scale structure of Universe, Astrophysics - Cosmology and Nongalactic Astrophysics},
 month = {May},
 number = {2},
 pages = {2085-2112},
 primaryclass = {astro-ph.CO},
 title = {{The clustering of galaxies in the completed SDSS-III Baryon Oscillation Spectroscopic Survey: Cosmological implications of the Fourier space wedges of the final sample}},
 volume = {467},
 year = {2017}
}

@article{1609.03577,
 adsnote = {Provided by the SAO/NASA Astrophysics Data System},
 adsurl = {https://ui.adsabs.harvard.edu/abs/2017MNRAS.465.1847E},
 archiveprefix = {arXiv},
 author = {{Elsner}, Franz and {Leistedt}, Boris and {Peiris}, Hiranya V.},
 doi = {10.1093/mnras/stw2752},
 eprint = {1609.03577},
 journal = {\mnras},
 keywords = {methods: data analysis, methods: numerical, methods: statistical, cosmology: observations, large-scale structure of Universe, Astrophysics - Cosmology and Nongalactic Astrophysics},
 month = {February},
 number = {2},
 pages = {1847-1855},
 primaryclass = {astro-ph.CO},
 title = {{Unbiased pseudo-C$_{{\ensuremath{\ell}}}$ power spectrum estimation with mode projection}},
 volume = {465},
 year = {2017}
}

@article{1609.08247,
 adsnote = {Provided by the SAO/NASA Astrophysics Data System},
 adsurl = {https://ui.adsabs.harvard.edu/abs/2017MNRAS.464.2517H},
 archiveprefix = {arXiv},
 author = {{Howlett}, Cullan and {Staveley-Smith}, Lister and {Blake}, Chris},
 doi = {10.1093/mnras/stw2466},
 eprint = {1609.08247},
 journal = {\mnras},
 keywords = {cosmological parameters, cosmology: theory, large-scale structure of Universe, Astrophysics - Cosmology and Nongalactic Astrophysics},
 month = {January},
 number = {3},
 pages = {2517-2544},
 primaryclass = {astro-ph.CO},
 title = {{Cosmological forecasts for combined and next-generation peculiar velocity surveys}},
 volume = {464},
 year = {2017}
}

@article{1610.02743,
 adsnote = {Provided by the SAO/NASA Astrophysics Data System},
 adsurl = {https://ui.adsabs.harvard.edu/abs/2016arXiv161002743A},
 archiveprefix = {arXiv},
 author = {{Abazajian}, Kevork N. and {Adshead}, Peter and {Ahmed}, Zeeshan and {Allen}, Steven W. and {Alonso}, David and {Arnold}, Kam S. and {Baccigalupi}, Carlo and {Bartlett}, James G. and {Battaglia}, Nicholas and {Benson}, Bradford A. and {Bischoff}, Colin A. and {Borrill}, Julian and {Buza}, Victor and {Calabrese}, Erminia and {Caldwell}, Robert and {Carlstrom}, John E. and {Chang}, Clarence L. and {Crawford}, Thomas M. and {Cyr-Racine}, Francis-Yan and {De Bernardis}, Francesco and {de Haan}, Tijmen and {di Serego Alighieri}, Sperello and {Dunkley}, Joanna and {Dvorkin}, Cora and {Errard}, Josquin and {Fabbian}, Giulio and {Feeney}, Stephen and {Ferraro}, Simone and {Filippini}, Jeffrey P. and {Flauger}, Raphael and {Fuller}, George M. and {Gluscevic}, Vera and {Green}, Daniel and {Grin}, Daniel and {Grohs}, Evan and {Henning}, Jason W. and {Hill}, J. Colin and {Hlozek}, Renee and {Holder}, Gilbert and {Holzapfel}, William and {Hu}, Wayne and {Huffenberger}, Kevin M. and {Keskitalo}, Reijo and {Knox}, Lloyd and {Kosowsky}, Arthur and {Kovac}, John and {Kovetz}, Ely D. and {Kuo}, Chao-Lin and {Kusaka}, Akito and {Le Jeune}, Maude and {Lee}, Adrian T. and {Lilley}, Marc and {Loverde}, Marilena and {Madhavacheril}, Mathew S. and {Mantz}, Adam and {Marsh}, David J.~E. and {McMahon}, Jeffrey and {Meerburg}, Pieter Daniel and {Meyers}, Joel and {Miller}, Amber D. and {Munoz}, Julian B. and {Nguyen}, Ho Nam and {Niemack}, Michael D. and {Peloso}, Marco and {Peloton}, Julien and {Pogosian}, Levon and {Pryke}, Clement and {Raveri}, Marco and {Reichardt}, Christian L. and {Rocha}, Graca and {Rotti}, Aditya and {Schaan}, Emmanuel and {Schmittfull}, Marcel M. and {Scott}, Douglas and {Sehgal}, Neelima and {Shandera}, Sarah and {Sherwin}, Blake D. and {Smith}, Tristan L. and {Sorbo}, Lorenzo and {Starkman}, Glenn D. and {Story}, Kyle T. and {van Engelen}, Alexander and {Vieira}, Joaquin D. and {Watson}, Scott and {Whitehorn}, Nathan and {Kimmy Wu}, W.~L.},
 eid = {arXiv:1610.02743},
 eprint = {1610.02743},
 journal = {arXiv e-prints},
 keywords = {Astrophysics - Cosmology and Nongalactic Astrophysics, General Relativity and Quantum Cosmology, High Energy Physics - Phenomenology, High Energy Physics - Theory},
 month = {October},
 pages = {arXiv:1610.02743},
 primaryclass = {astro-ph.CO},
 title = {{CMB-S4 Science Book, First Edition}},
 year = {2016}
}

@article{1611.00036,
 adsnote = {Provided by the SAO/NASA Astrophysics Data System},
 adsurl = {https://ui.adsabs.harvard.edu/abs/2016arXiv161100036D},
 archiveprefix = {arXiv},
 author = {{DESI Collaboration} and {Aghamousa}, Amir and {Aguilar}, Jessica and {Ahlen}, Steve and {Alam}, Shadab and {Allen}, Lori E. and {Allende Prieto}, Carlos and {Annis}, James and {Bailey}, Stephen and {Balland}, Christophe and et al.},
 eid = {arXiv:1611.00036},
 eprint = {1611.00036},
 journal = {arXiv e-prints},
 keywords = {Astrophysics - Instrumentation and Methods for Astrophysics, Astrophysics - Cosmology and Nongalactic Astrophysics},
 month = {October},
 pages = {arXiv:1611.00036},
 primaryclass = {astro-ph.IM},
 title = {{The DESI Experiment Part I: Science,Targeting, and Survey Design}},
 year = {2016}
}

@article{1611.09753,
 adsnote = {Provided by the SAO/NASA Astrophysics Data System},
 adsurl = {https://ui.adsabs.harvard.edu/abs/2017PhRvD..95l3529S},
 archiveprefix = {arXiv},
 author = {{Sherwin}, Blake D. and {van Engelen}, Alexander and {Sehgal}, Neelima and {Madhavacheril}, Mathew and {Addison}, Graeme E. and {Aiola}, Simone and {Allison}, Rupert and {Battaglia}, Nicholas and {Becker}, Daniel T. and {Beall}, James A. and {Bond}, J. Richard and {Calabrese}, Erminia and {Datta}, Rahul and {Devlin}, Mark J. and {D{\"u}nner}, Rolando and {Dunkley}, Joanna and {Fox}, Anna E. and {Gallardo}, Patricio and {Halpern}, Mark and {Hasselfield}, Matthew and {Henderson}, Shawn and {Hill}, J. Colin and {Hilton}, Gene C. and {Hubmayr}, Johannes and {Hughes}, John P. and {Hincks}, Adam D. and {Hlozek}, Ren{\'e}e and {Huffenberger}, Kevin M. and {Koopman}, Brian and {Kosowsky}, Arthur and {Louis}, Thibaut and {Maurin}, Lo{\"\i}c and {McMahon}, Jeff and {Moodley}, Kavilan and {Naess}, Sigurd and {Nati}, Federico and {Newburgh}, Laura and {Niemack}, Michael D. and {Page}, Lyman A. and {Sievers}, Jonathan and {Spergel}, David N. and {Staggs}, Suzanne T. and {Thornton}, Robert J. and {Van Lanen}, Jeff and {Vavagiakis}, Eve and {Wollack}, Edward J.},
 doi = {10.1103/PhysRevD.95.123529},
 eid = {123529},
 eprint = {1611.09753},
 journal = {\prd},
 keywords = {Astrophysics - Cosmology and Nongalactic Astrophysics},
 month = {June},
 number = {12},
 pages = {123529},
 primaryclass = {astro-ph.CO},
 title = {{Two-season Atacama Cosmology Telescope polarimeter lensing power spectrum}},
 volume = {95},
 year = {2017}
}

@article{1702.02600,
 adsnote = {Provided by the SAO/NASA Astrophysics Data System},
 adsurl = {https://ui.adsabs.harvard.edu/abs/2017arXiv170202600H},
 archiveprefix = {arXiv},
 author = {{Huff}, Eric and {Mandelbaum}, Rachel},
 eid = {arXiv:1702.02600},
 eprint = {1702.02600},
 journal = {arXiv e-prints},
 keywords = {Astrophysics - Cosmology and Nongalactic Astrophysics},
 month = {February},
 pages = {arXiv:1702.02600},
 primaryclass = {astro-ph.CO},
 title = {{Metacalibration: Direct Self-Calibration of Biases in Shear Measurement}},
 year = {2017}
}

@article{1702.02601,
 adsnote = {Provided by the SAO/NASA Astrophysics Data System},
 adsurl = {https://ui.adsabs.harvard.edu/abs/2017ApJ...841...24S},
 archiveprefix = {arXiv},
 author = {{Sheldon}, Erin S. and {Huff}, Eric M.},
 doi = {10.3847/1538-4357/aa704b},
 eid = {24},
 eprint = {1702.02601},
 journal = {\apj},
 keywords = {cosmology: observations, gravitational lensing: weak, methods: observational, Astrophysics - Cosmology and Nongalactic Astrophysics},
 month = {May},
 number = {1},
 pages = {24},
 primaryclass = {astro-ph.CO},
 title = {{Practical Weak-lensing Shear Measurement with Metacalibration}},
 volume = {841},
 year = {2017}
}

@article{1704.08230,
 adsnote = {Provided by the SAO/NASA Astrophysics Data System},
 adsurl = {https://ui.adsabs.harvard.edu/abs/2017PhRvD..96f3510C},
 archiveprefix = {arXiv},
 author = {{Carron}, Julien and {Lewis}, Antony},
 doi = {10.1103/PhysRevD.96.063510},
 eid = {063510},
 eprint = {1704.08230},
 journal = {\prd},
 keywords = {Astrophysics - Cosmology and Nongalactic Astrophysics},
 month = {September},
 number = {6},
 pages = {063510},
 primaryclass = {astro-ph.CO},
 title = {{Maximum a posteriori CMB lensing reconstruction}},
 volume = {96},
 year = {2017}
}

@article{1705.00743,
 adsnote = {Provided by the SAO/NASA Astrophysics Data System},
 adsurl = {https://ui.adsabs.harvard.edu/abs/2017ApJ...849..124O},
 archiveprefix = {arXiv},
 author = {{Omori}, Y. and {Chown}, R. and {Simard}, G. and {Story}, K.~T. and {Aylor}, K. and {Baxter}, E.~J. and {Benson}, B.~A. and {Bleem}, L.~E. and {Carlstrom}, J.~E. and {Chang}, C.~L. and {Cho}, H. -M. and {Crawford}, T.~M. and {Crites}, A.~T. and {de Haan}, T. and {Dobbs}, M.~A. and {Everett}, W.~B. and {George}, E.~M. and {Halverson}, N.~W. and {Harrington}, N.~L. and {Holder}, G.~P. and {Hou}, Z. and {Holzapfel}, W.~L. and {Hrubes}, J.~D. and {Knox}, L. and {Lee}, A.~T. and {Leitch}, E.~M. and {Luong-Van}, D. and {Manzotti}, A. and {Marrone}, D.~P. and {McMahon}, J.~J. and {Meyer}, S.~S. and {Mocanu}, L.~M. and {Mohr}, J.~J. and {Natoli}, T. and {Padin}, S. and {Pryke}, C. and {Reichardt}, C.~L. and {Ruhl}, J.~E. and {Sayre}, J.~T. and {Schaffer}, K.~K. and {Shirokoff}, E. and {Staniszewski}, Z. and {Stark}, A.~A. and {Vanderlinde}, K. and {Vieira}, J.~D. and {Williamson}, R. and {Zahn}, O.},
 doi = {10.3847/1538-4357/aa8d1d},
 eid = {124},
 eprint = {1705.00743},
 journal = {\apj},
 keywords = {cosmic background radiation, gravitational lensing: weak, large-scale structure of universe, Astrophysics - Cosmology and Nongalactic Astrophysics},
 month = {November},
 number = {2},
 pages = {124},
 primaryclass = {astro-ph.CO},
 title = {{A 2500 deg$^{2}$ CMB Lensing Map from Combined South Pole Telescope and Planck Data}},
 volume = {849},
 year = {2017}
}

@article{1706.09359,
 adsnote = {Provided by the SAO/NASA Astrophysics Data System},
 adsurl = {https://ui.adsabs.harvard.edu/abs/2017arXiv170609359K},
 archiveprefix = {arXiv},
 author = {{Krause}, E. and {Eifler}, T.~F. and {Zuntz}, J. and {Friedrich}, O. and {Troxel}, M.~A. and {Dodelson}, S. and {Blazek}, J. and {Secco}, L.~F. and {MacCrann}, N. and {Baxter}, E. and {Chang}, C. and {Chen}, N. and {Crocce}, M. and {DeRose}, J. and {Ferte}, A. and {Kokron}, N. and {Lacasa}, F. and {Miranda}, V. and {Omori}, Y. and {Porredon}, A. and {Rosenfeld}, R. and {Samuroff}, S. and {Wang}, M. and {Wechsler}, R.~H. and {Abbott}, T.~M.~C. and {Abdalla}, F.~B. and {Allam}, S. and {Annis}, J. and {Bechtol}, K. and {Benoit-Levy}, A. and {Bernstein}, G.~M. and {Brooks}, D. and {Burke}, D.~L. and {Capozzi}, D. and {Carrasco Kind}, M. and {Carretero}, J. and {D'Andrea}, C.~B. and {da Costa}, L.~N. and {Davis}, C. and {DePoy}, D.~L. and {Desai}, S. and {Diehl}, H.~T. and {Dietrich}, J.~P. and {Evrard}, A.~E. and {Flaugher}, B. and {Fosalba}, P. and {Frieman}, J. and {Garcia-Bellido}, J. and {Gaztanaga}, E. and {Giannantonio}, T. and {Gruen}, D. and {Gruendl}, R.~A. and {Gschwend}, J. and {Gutierrez}, G. and {Honscheid}, K. and {James}, D.~J. and {Jeltema}, T. and {Kuehn}, K. and {Kuhlmann}, S. and {Lahav}, O. and {Lima}, M. and {Maia}, M.~A.~G. and {March}, M. and {Marshall}, J.~L. and {Martini}, P. and {Menanteau}, F. and {Miquel}, R. and {Nichol}, R.~C. and {Plazas}, A.~A. and {Romer}, A.~K. and {Rykoff}, E.~S. and {Sanchez}, E. and {Scarpine}, V. and {Schindler}, R. and {Schubnell}, M. and {Sevilla-Noarbe}, I. and {Smith}, M. and {Soares-Santos}, M. and {Sobreira}, F. and {Suchyta}, E. and {Swanson}, M.~E.~C. and {Tarle}, G. and {Tucker}, D.~L. and {Vikram}, V. and {Walker}, A.~R. and {Weller}, J.},
 eid = {arXiv:1706.09359},
 eprint = {1706.09359},
 journal = {arXiv e-prints},
 keywords = {Astrophysics - Cosmology and Nongalactic Astrophysics},
 month = {June},
 pages = {arXiv:1706.09359},
 primaryclass = {astro-ph.CO},
 title = {{Dark Energy Survey Year 1 Results: Multi-Probe Methodology and Simulated Likelihood Analyses}},
 year = {2017}
}

@article{1004.4905,
       author = {{Bueno Sanchez}, Juan C. and {Dent}, James B. and {Dutta}, Sourish and {Perivolaropoulos}, Leandros},
        title = "{Parametrization for the scale dependent growth in modified gravity}",
      journal = {\jcap},
     keywords = {Astrophysics - Cosmology and Extragalactic Astrophysics, General Relativity and Quantum Cosmology, High Energy Physics - Phenomenology, High Energy Physics - Theory},
         year = 2010,
        month = sep,
       volume = {2010},
       number = {9},
          eid = {021},
        pages = {021},
          doi = {10.1088/1475-7516/2010/09/021},
archivePrefix = {arXiv},
       eprint = {1004.4905},
 primaryClass = {astro-ph.CO},
       adsurl = {https://ui.adsabs.harvard.edu/abs/2010JCAP...09..021B},
      adsnote = {Provided by the SAO/NASA Astrophysics Data System}
}

@article{1707.08964,
 adsnote = {Provided by the SAO/NASA Astrophysics Data System},
 adsurl = {https://ui.adsabs.harvard.edu/abs/2017arXiv170708964A},
 archiveprefix = {arXiv},
 author = {{Aparicio Resco}, Miguel and {Maroto}, Antonio L.},
 eid = {arXiv:1707.08964},
 eprint = {1707.08964},
 journal = {arXiv e-prints},
 keywords = {Astrophysics - Cosmology and Nongalactic Astrophysics, General Relativity and Quantum Cosmology},
 month = {July},
 pages = {arXiv:1707.08964},
 primaryclass = {astro-ph.CO},
 title = {{Parametrizing growth in dark energy and modified gravity models}},
 year = {2017}
}

@article{1708.01530,
 adsnote = {Provided by the SAO/NASA Astrophysics Data System},
 adsurl = {https://ui.adsabs.harvard.edu/abs/2018PhRvD..98d3526A},
 archiveprefix = {arXiv},
 author = {{Abbott}, T.~M.~C. and {Abdalla}, F.~B. and {Alarcon}, A. and {Aleksi{\'c}}, J. and {Allam}, S. and {Allen}, S. and {Amara}, A. and {Annis}, J. and {Asorey}, J. and {Avila}, S. and et al.},
 doi = {10.1103/PhysRevD.98.043526},
 eid = {043526},
 eprint = {1708.01530},
 journal = {\prd},
 keywords = {Astrophysics - Cosmology and Nongalactic Astrophysics},
 month = {August},
 number = {4},
 pages = {043526},
 primaryclass = {astro-ph.CO},
 title = {{Dark Energy Survey year 1 results: Cosmological constraints from galaxy clustering and weak lensing}},
 volume = {98},
 year = {2018}
}

@article{1708.01531,
 adsnote = {Provided by the SAO/NASA Astrophysics Data System},
 adsurl = {https://ui.adsabs.harvard.edu/abs/2018ApJS..235...33D},
 archiveprefix = {arXiv},
 author = {{Drlica-Wagner}, A. and {Sevilla-Noarbe}, I. and {Rykoff}, E.~S. and {Gruendl}, R.~A. and {Yanny}, B. and {Tucker}, D.~L. and {Hoyle}, B. and {Carnero Rosell}, A. and {Bernstein}, G.~M. and {Bechtol}, K. and {Becker}, M.~R. and {Benoit-L{\'e}vy}, A. and {Bertin}, E. and {Carrasco Kind}, M. and {Davis}, C. and {de Vicente}, J. and {Diehl}, H.~T. and {Gruen}, D. and {Hartley}, W.~G. and {Leistedt}, B. and {Li}, T.~S. and {Marshall}, J.~L. and {Neilsen}, E. and {Rau}, M.~M. and {Sheldon}, E. and {Smith}, J. and {Troxel}, M.~A. and {Wyatt}, S. and {Zhang}, Y. and {Abbott}, T.~M.~C. and {Abdalla}, F.~B. and {Allam}, S. and {Banerji}, M. and {Brooks}, D. and {Buckley-Geer}, E. and {Burke}, D.~L. and {Capozzi}, D. and {Carretero}, J. and {Cunha}, C.~E. and {D'Andrea}, C.~B. and {da Costa}, L.~N. and {DePoy}, D.~L. and {Desai}, S. and {Dietrich}, J.~P. and {Doel}, P. and {Evrard}, A.~E. and {Fausti Neto}, A. and {Flaugher}, B. and {Fosalba}, P. and {Frieman}, J. and {Garc{\'\i}a-Bellido}, J. and {Gerdes}, D.~W. and {Giannantonio}, T. and {Gschwend}, J. and {Gutierrez}, G. and {Honscheid}, K. and {James}, D.~J. and {Jeltema}, T. and {Kuehn}, K. and {Kuhlmann}, S. and {Kuropatkin}, N. and {Lahav}, O. and {Lima}, M. and {Lin}, H. and {Maia}, M.~A.~G. and {Martini}, P. and {McMahon}, R.~G. and {Melchior}, P. and {Menanteau}, F. and {Miquel}, R. and {Nichol}, R.~C. and {Ogando}, R.~L.~C. and {Plazas}, A.~A. and {Romer}, A.~K. and {Roodman}, A. and {Sanchez}, E. and {Scarpine}, V. and {Schindler}, R. and {Schubnell}, M. and {Smith}, M. and {Smith}, R.~C. and {Soares-Santos}, M. and {Sobreira}, F. and {Suchyta}, E. and {Tarle}, G. and {Vikram}, V. and {Walker}, A.~R. and {Wechsler}, R.~H. and {Zuntz}, J. and {DES Collaboration}},
 doi = {10.3847/1538-4365/aab4f5},
 eid = {33},
 eprint = {1708.01531},
 journal = {\apjs},
 keywords = {catalogs, cosmology: observations, surveys, techniques: image processing, techniques: photometric, Astrophysics - Cosmology and Nongalactic Astrophysics, Astrophysics - Instrumentation and Methods for Astrophysics},
 month = {April},
 number = {2},
 pages = {33},
 primaryclass = {astro-ph.CO},
 title = {{Dark Energy Survey Year 1 Results: The Photometric Data Set for Cosmology}},
 volume = {235},
 year = {2018}
}

@article{1708.01532,
 adsnote = {Provided by the SAO/NASA Astrophysics Data System},
 adsurl = {https://ui.adsabs.harvard.edu/abs/2018MNRAS.478..592H},
 archiveprefix = {arXiv},
 author = {{Hoyle}, B. and {Gruen}, D. and {Bernstein}, G.~M. and {Rau}, M.~M. and {De Vicente}, J. and {Hartley}, W.~G. and {Gaztanaga}, E. and {DeRose}, J. and {Troxel}, M.~A. and {Davis}, C. and {Alarcon}, A. and {MacCrann}, N. and {Prat}, J. and {S{\'a}nchez}, C. and {Sheldon}, E. and {Wechsler}, R.~H. and {Asorey}, J. and {Becker}, M.~R. and {Bonnett}, C. and {Carnero Rosell}, A. and {Carollo}, D. and {Carrasco Kind}, M. and {Castander}, F.~J. and {Cawthon}, R. and {Chang}, C. and {Childress}, M. and {Davis}, T.~M. and {Drlica-Wagner}, A. and {Gatti}, M. and {Glazebrook}, K. and {Gschwend}, J. and {Hinton}, S.~R. and {Hoormann}, J.~K. and {Kim}, A.~G. and {King}, A. and {Kuehn}, K. and {Lewis}, G. and {Lidman}, C. and {Lin}, H. and {Macaulay}, E. and {Maia}, M.~A.~G. and {Martini}, P. and {Mudd}, D. and {M{\"o}ller}, A. and {Nichol}, R.~C. and {Ogando}, R.~L.~C. and {Rollins}, R.~P. and {Roodman}, A. and {Ross}, A.~J. and {Rozo}, E. and {Rykoff}, E.~S. and {Samuroff}, S. and {Sevilla-Noarbe}, I. and {Sharp}, R. and {Sommer}, N.~E. and {Tucker}, B.~E. and {Uddin}, S.~A. and {Varga}, T.~N. and {Vielzeuf}, P. and {Yuan}, F. and {Zhang}, B. and {Abbott}, T.~M.~C. and {Abdalla}, F.~B. and {Allam}, S. and {Annis}, J. and {Bechtol}, K. and {Benoit-L{\'e}vy}, A. and {Bertin}, E. and {Brooks}, D. and {Buckley-Geer}, E. and {Burke}, D.~L. and {Busha}, M.~T. and {Capozzi}, D. and {Carretero}, J. and {Crocce}, M. and {D'Andrea}, C.~B. and {da Costa}, L.~N. and {DePoy}, D.~L. and {Desai}, S. and {Diehl}, H.~T. and {Doel}, P. and {Eifler}, T.~F. and {Estrada}, J. and {Evrard}, A.~E. and {Fernandez}, E. and {Flaugher}, B. and {Fosalba}, P. and {Frieman}, J. and {Garc{\'\i}a-Bellido}, J. and {Gerdes}, D.~W. and {Giannantonio}, T. and {Goldstein}, D.~A. and {Gruendl}, R.~A. and {Gutierrez}, G. and {Honscheid}, K. and {James}, D.~J. and {Jarvis}, M. and {Jeltema}, T. and {Johnson}, M.~W.~G. and {Johnson}, M.~D. and {Kirk}, D. and {Krause}, E. and {Kuhlmann}, S. and {Kuropatkin}, N. and {Lahav}, O. and {Li}, T.~S. and {Lima}, M. and {March}, M. and {Marshall}, J.~L. and {Melchior}, P. and {Menanteau}, F. and {Miquel}, R. and {Nord}, B. and {O'Neill}, C.~R. and {Plazas}, A.~A. and {Romer}, A.~K. and {Sako}, M. and {Sanchez}, E. and {Santiago}, B. and {Scarpine}, V. and {Schindler}, R. and {Schubnell}, M. and {Smith}, M. and {Smith}, R.~C. and {Soares-Santos}, M. and {Sobreira}, F. and {Suchyta}, E. and {Swanson}, M.~E.~C. and {Tarle}, G. and {Thomas}, D. and {Tucker}, D.~L. and {Vikram}, V. and {Walker}, A.~R. and {Weller}, J. and {Wester}, W. and {Wolf}, R.~C. and {Yanny}, B. and {Zuntz}, J. and {DES Collaboration}},
 doi = {10.1093/mnras/sty957},
 eprint = {1708.01532},
 journal = {\mnras},
 keywords = {methods: data analysis, catalogues, surveys, Astrophysics - Cosmology and Nongalactic Astrophysics},
 month = {July},
 number = {1},
 pages = {592-610},
 primaryclass = {astro-ph.CO},
 title = {{Dark Energy Survey Year 1 Results: redshift distributions of the weak-lensing source galaxies}},
 volume = {478},
 year = {2018}
}

@article{1708.01533,
 adsnote = {Provided by the SAO/NASA Astrophysics Data System},
 adsurl = {https://ui.adsabs.harvard.edu/abs/2018MNRAS.481.1149Z},
 archiveprefix = {arXiv},
 author = {{Zuntz}, J. and {Sheldon}, E. and {Samuroff}, S. and {Troxel}, M.~A. and {Jarvis}, M. and {MacCrann}, N. and {Gruen}, D. and {Prat}, J. and {S{\'a}nchez}, C. and {Choi}, A. and {Bridle}, S.~L. and {Bernstein}, G.~M. and {Dodelson}, S. and {Drlica-Wagner}, A. and {Fang}, Y. and {Gruendl}, R.~A. and {Hoyle}, B. and {Huff}, E.~M. and {Jain}, B. and {Kirk}, D. and {Kacprzak}, T. and {Krawiec}, C. and {Plazas}, A.~A. and {Rollins}, R.~P. and {Rykoff}, E.~S. and {Sevilla-Noarbe}, I. and {Soergel}, B. and {Varga}, T.~N. and {Abbott}, T.~M.~C. and {Abdalla}, F.~B. and {Allam}, S. and {Annis}, J. and {Bechtol}, K. and {Benoit-L{\'e}vy}, A. and {Bertin}, E. and {Buckley-Geer}, E. and {Burke}, D.~L. and {Carnero Rosell}, A. and {Carrasco Kind}, M. and {Carretero}, J. and {Castander}, F.~J. and {Crocce}, M. and {Cunha}, C.~E. and {D'Andrea}, C.~B. and {da Costa}, L.~N. and {Davis}, C. and {Desai}, S. and {Diehl}, H.~T. and {Dietrich}, J.~P. and {Doel}, P. and {Eifler}, T.~F. and {Estrada}, J. and {Evrard}, A.~E. and {Fausti Neto}, A. and {Fernandez}, E. and {Flaugher}, B. and {Fosalba}, P. and {Frieman}, J. and {Garc{\'\i}a-Bellido}, J. and {Gaztanaga}, E. and {Gerdes}, D.~W. and {Giannantonio}, T. and {Gschwend}, J. and {Gutierrez}, G. and {Hartley}, W.~G. and {Honscheid}, K. and {James}, D.~J. and {Jeltema}, T. and {Johnson}, M.~W.~G. and {Johnson}, M.~D. and {Kuehn}, K. and {Kuhlmann}, S. and {Kuropatkin}, N. and {Lahav}, O. and {Li}, T.~S. and {Lima}, M. and {Maia}, M.~A.~G. and {March}, M. and {Martini}, P. and {Melchior}, P. and {Menanteau}, F. and {Miller}, C.~J. and {Miquel}, R. and {Mohr}, J.~J. and {Neilsen}, E. and {Nichol}, R.~C. and {Ogando}, R.~L.~C. and {Roe}, N. and {Romer}, A.~K. and {Roodman}, A. and {Sanchez}, E. and {Scarpine}, V. and {Schindler}, R. and {Schubnell}, M. and {Smith}, M. and {Smith}, R.~C. and {Soares-Santos}, M. and {Sobreira}, F. and {Suchyta}, E. and {Swanson}, M.~E.~C. and {Tarle}, G. and {Thomas}, D. and {Tucker}, D.~L. and {Vikram}, V. and {Walker}, A.~R. and {Wechsler}, R.~H. and {Zhang}, Y. and {DES Collaboration}},
 doi = {10.1093/mnras/sty2219},
 eprint = {1708.01533},
 journal = {\mnras},
 keywords = {gravitational lensing: weak, methods: data analysis, techniques: image processing, catalogues, surveys, cosmology: observations, Astrophysics - Cosmology and Nongalactic Astrophysics},
 month = {November},
 number = {1},
 pages = {1149-1182},
 primaryclass = {astro-ph.CO},
 title = {{Dark Energy Survey Year 1 results: weak lensing shape catalogues}},
 volume = {481},
 year = {2018}
}

@article{1708.01534,
 adsnote = {Provided by the SAO/NASA Astrophysics Data System},
 adsurl = {https://ui.adsabs.harvard.edu/abs/2018MNRAS.475.4524S},
 archiveprefix = {arXiv},
 author = {{Samuroff}, S. and {Bridle}, S.~L. and {Zuntz}, J. and {Troxel}, M.~A. and {Gruen}, D. and {Rollins}, R.~P. and {Bernstein}, G.~M. and {Eifler}, T.~F. and {Huff}, E.~M. and {Kacprzak}, T. and {Krause}, E. and {MacCrann}, N. and {Abdalla}, F.~B. and {Allam}, S. and {Annis}, J. and {Bechtol}, K. and {Benoit-L{\'e}vy}, A. and {Bertin}, E. and {Brooks}, D. and {Buckley-Geer}, E. and {Carnero Rosell}, A. and {Carrasco Kind}, M. and {Carretero}, J. and {Crocce}, M. and {D'Andrea}, C.~B. and {da Costa}, L.~N. and {Davis}, C. and {Desai}, S. and {Doel}, P. and {Fausti Neto}, A. and {Flaugher}, B. and {Fosalba}, P. and {Frieman}, J. and {Garc{\'\i}a-Bellido}, J. and {Gerdes}, D.~W. and {Gruendl}, R.~A. and {Gschwend}, J. and {Gutierrez}, G. and {Honscheid}, K. and {James}, D.~J. and {Jarvis}, M. and {Jeltema}, T. and {Kirk}, D. and {Kuehn}, K. and {Kuhlmann}, S. and {Li}, T.~S. and {Lima}, M. and {Maia}, M.~A.~G. and {March}, M. and {Marshall}, J.~L. and {Martini}, P. and {Melchior}, P. and {Menanteau}, F. and {Miquel}, R. and {Nord}, B. and {Ogando}, R.~L.~C. and {Plazas}, A.~A. and {Roodman}, A. and {Sanchez}, E. and {Scarpine}, V. and {Schindler}, R. and {Schubnell}, M. and {Sevilla-Noarbe}, I. and {Sheldon}, E. and {Smith}, M. and {Soares-Santos}, M. and {Sobreira}, F. and {Suchyta}, E. and {Tarle}, G. and {Thomas}, D. and {Tucker}, D.~L. and {DES Collaboration}},
 doi = {10.1093/mnras/stx3282},
 eprint = {1708.01534},
 journal = {\mnras},
 keywords = {gravitational lensing: weak, galaxies: statistics, cosmological parameters, cosmology: observations, Astrophysics - Cosmology and Nongalactic Astrophysics},
 month = {April},
 number = {4},
 pages = {4524-4543},
 primaryclass = {astro-ph.CO},
 title = {{Dark Energy Survey Year 1 results: the impact of galaxy neighbours on weak lensing cosmology with IM3SHAPE}},
 volume = {475},
 year = {2018}
}

@article{1708.01536,
 adsnote = {Provided by the SAO/NASA Astrophysics Data System},
 adsurl = {https://ui.adsabs.harvard.edu/abs/2018PhRvD..98d2006E},
 archiveprefix = {arXiv},
 author = {{Elvin-Poole}, J. and {Crocce}, M. and {Ross}, A.~J. and {Giannantonio}, T. and {Rozo}, E. and {Rykoff}, E.~S. and {Avila}, S. and {Banik}, N. and {Blazek}, J. and {Bridle}, S.~L. and {Cawthon}, R. and {Drlica-Wagner}, A. and {Friedrich}, O. and {Kokron}, N. and {Krause}, E. and {MacCrann}, N. and {Prat}, J. and {S{\'a}nchez}, C. and {Secco}, L.~F. and {Sevilla-Noarbe}, I. and {Troxel}, M.~A. and {Abbott}, T.~M.~C. and {Abdalla}, F.~B. and {Allam}, S. and {Annis}, J. and {Asorey}, J. and {Bechtol}, K. and {Becker}, M.~R. and {Benoit-L{\'e}vy}, A. and {Bernstein}, G.~M. and {Bertin}, E. and {Brooks}, D. and {Buckley-Geer}, E. and {Burke}, D.~L. and {Carnero Rosell}, A. and {Carollo}, D. and {Carrasco Kind}, M. and {Carretero}, J. and {Castander}, F.~J. and {Cunha}, C.~E. and {D'Andrea}, C.~B. and {da Costa}, L.~N. and {Davis}, T.~M. and {Davis}, C. and {Desai}, S. and {Diehl}, H.~T. and {Dietrich}, J.~P. and {Dodelson}, S. and {Doel}, P. and {Eifler}, T.~F. and {Evrard}, A.~E. and {Fernandez}, E. and {Flaugher}, B. and {Fosalba}, P. and {Frieman}, J. and {Garc{\'\i}a-Bellido}, J. and {Gaztanaga}, E. and {Gerdes}, D.~W. and {Glazebrook}, K. and {Gruen}, D. and {Gruendl}, R.~A. and {Gschwend}, J. and {Gutierrez}, G. and {Hartley}, W.~G. and {Hinton}, S.~R. and {Honscheid}, K. and {Hoormann}, J.~K. and {Jain}, B. and {James}, D.~J. and {Jarvis}, M. and {Jeltema}, T. and {Johnson}, M.~W.~G. and {Johnson}, M.~D. and {King}, A. and {Kuehn}, K. and {Kuhlmann}, S. and {Kuropatkin}, N. and {Lahav}, O. and {Lewis}, G. and {Li}, T.~S. and {Lidman}, C. and {Lima}, M. and {Lin}, H. and {Macaulay}, E. and {March}, M. and {Marshall}, J.~L. and {Martini}, P. and {Melchior}, P. and {Menanteau}, F. and {Miquel}, R. and {Mohr}, J.~J. and {M{\"o}ller}, A. and {Nichol}, R.~C. and {Nord}, B. and {O'Neill}, C.~R. and {Percival}, W.~J. and {Petravick}, D. and {Plazas}, A.~A. and {Romer}, A.~K. and {Sako}, M. and {Sanchez}, E. and {Scarpine}, V. and {Schindler}, R. and {Schubnell}, M. and {Sheldon}, E. and {Smith}, M. and {Smith}, R.~C. and {Soares-Santos}, M. and {Sobreira}, F. and {Sommer}, N.~E. and {Suchyta}, E. and {Swanson}, M.~E.~C. and {Tarle}, G. and {Thomas}, D. and {Tucker}, B.~E. and {Tucker}, D.~L. and {Uddin}, S.~A. and {Vikram}, V. and {Walker}, A.~R. and {Wechsler}, R.~H. and {Weller}, J. and {Wester}, W. and {Wolf}, R.~C. and {Yuan}, F. and {Zhang}, B. and {Zuntz}, J. and {DES Collaboration}},
 doi = {10.1103/PhysRevD.98.042006},
 eid = {042006},
 eprint = {1708.01536},
 journal = {\prd},
 keywords = {Astrophysics - Cosmology and Nongalactic Astrophysics},
 month = {August},
 number = {4},
 pages = {042006},
 primaryclass = {astro-ph.CO},
 title = {{Dark Energy Survey year 1 results: Galaxy clustering for combined probes}},
 volume = {98},
 year = {2018}
}

@article{1708.01537,
 adsnote = {Provided by the SAO/NASA Astrophysics Data System},
 adsurl = {https://ui.adsabs.harvard.edu/abs/2018PhRvD..98d2005P},
 archiveprefix = {arXiv},
 author = {{Prat}, J. and {S{\'a}nchez}, C. and {Fang}, Y. and {Gruen}, D. and {Elvin-Poole}, J. and {Kokron}, N. and {Secco}, L.~F. and {Jain}, B. and {Miquel}, R. and {MacCrann}, N. and {Troxel}, M.~A. and {Alarcon}, A. and {Bacon}, D. and {Bernstein}, G.~M. and {Blazek}, J. and {Cawthon}, R. and {Chang}, C. and {Crocce}, M. and {Davis}, C. and {De Vicente}, J. and {Dietrich}, J.~P. and {Drlica-Wagner}, A. and {Friedrich}, O. and {Gatti}, M. and {Hartley}, W.~G. and {Hoyle}, B. and {Huff}, E.~M. and {Jarvis}, M. and {Rau}, M.~M. and {Rollins}, R.~P. and {Ross}, A.~J. and {Rozo}, E. and {Rykoff}, E.~S. and {Samuroff}, S. and {Sheldon}, E. and {Varga}, T.~N. and {Vielzeuf}, P. and {Zuntz}, J. and {Abbott}, T.~M.~C. and {Abdalla}, F.~B. and {Allam}, S. and {Annis}, J. and {Bechtol}, K. and {Benoit-L{\'e}vy}, A. and {Bertin}, E. and {Brooks}, D. and {Buckley-Geer}, E. and {Burke}, D.~L. and {Carnero Rosell}, A. and {Carrasco Kind}, M. and {Carretero}, J. and {Castander}, F.~J. and {Cunha}, C.~E. and {D'Andrea}, C.~B. and {da Costa}, L.~N. and {Desai}, S. and {Diehl}, H.~T. and {Dodelson}, S. and {Eifler}, T.~F. and {Fernandez}, E. and {Flaugher}, B. and {Fosalba}, P. and {Frieman}, J. and {Garc{\'\i}a-Bellido}, J. and {Gaztanaga}, E. and {Gerdes}, D.~W. and {Giannantonio}, T. and {Goldstein}, D.~A. and {Gruendl}, R.~A. and {Gschwend}, J. and {Gutierrez}, G. and {Honscheid}, K. and {James}, D.~J. and {Jeltema}, T. and {Johnson}, M.~W.~G. and {Johnson}, M.~D. and {Kirk}, D. and {Krause}, E. and {Kuehn}, K. and {Kuhlmann}, S. and {Lahav}, O. and {Li}, T.~S. and {Lima}, M. and {Maia}, M.~A.~G. and {March}, M. and {Marshall}, J.~L. and {Martini}, P. and {Melchior}, P. and {Menanteau}, F. and {Mohr}, J.~J. and {Nichol}, R.~C. and {Nord}, B. and {Plazas}, A.~A. and {Romer}, A.~K. and {Roodman}, A. and {Sako}, M. and {Sanchez}, E. and {Scarpine}, V. and {Schindler}, R. and {Schubnell}, M. and {Sevilla-Noarbe}, I. and {Smith}, M. and {Smith}, R.~C. and {Soares-Santos}, M. and {Sobreira}, F. and {Suchyta}, E. and {Swanson}, M.~E.~C. and {Tarle}, G. and {Thomas}, D. and {Tucker}, D.~L. and {Vikram}, V. and {Walker}, A.~R. and {Wechsler}, R.~H. and {Yanny}, B. and {Zhang}, Y. and {DES Collaboration}},
 doi = {10.1103/PhysRevD.98.042005},
 eid = {042005},
 eprint = {1708.01537},
 journal = {\prd},
 keywords = {Astrophysics - Cosmology and Nongalactic Astrophysics},
 month = {August},
 number = {4},
 pages = {042005},
 primaryclass = {astro-ph.CO},
 title = {{Dark Energy Survey year 1 results: Galaxy-galaxy lensing}},
 volume = {98},
 year = {2018}
}

@article{1708.01538,
 adsnote = {Provided by the SAO/NASA Astrophysics Data System},
 adsurl = {https://ui.adsabs.harvard.edu/abs/2018PhRvD..98d3528T},
 archiveprefix = {arXiv},
 author = {{Troxel}, M.~A. and {MacCrann}, N. and {Zuntz}, J. and {Eifler}, T.~F. and {Krause}, E. and {Dodelson}, S. and {Gruen}, D. and {Blazek}, J. and {Friedrich}, O. and {Samuroff}, S. and {Prat}, J. and {Secco}, L.~F. and {Davis}, C. and {Fert{\'e}}, A. and {DeRose}, J. and {Alarcon}, A. and {Amara}, A. and {Baxter}, E. and {Becker}, M.~R. and {Bernstein}, G.~M. and {Bridle}, S.~L. and {Cawthon}, R. and {Chang}, C. and {Choi}, A. and {De Vicente}, J. and {Drlica-Wagner}, A. and {Elvin-Poole}, J. and {Frieman}, J. and {Gatti}, M. and {Hartley}, W.~G. and {Honscheid}, K. and {Hoyle}, B. and {Huff}, E.~M. and {Huterer}, D. and {Jain}, B. and {Jarvis}, M. and {Kacprzak}, T. and {Kirk}, D. and {Kokron}, N. and {Krawiec}, C. and {Lahav}, O. and {Liddle}, A.~R. and {Peacock}, J. and {Rau}, M.~M. and {Refregier}, A. and {Rollins}, R.~P. and {Rozo}, E. and {Rykoff}, E.~S. and {S{\'a}nchez}, C. and {Sevilla-Noarbe}, I. and {Sheldon}, E. and {Stebbins}, A. and {Varga}, T.~N. and {Vielzeuf}, P. and {Wang}, M. and {Wechsler}, R.~H. and {Yanny}, B. and {Abbott}, T.~M.~C. and {Abdalla}, F.~B. and {Allam}, S. and {Annis}, J. and {Bechtol}, K. and {Benoit-L{\'e}vy}, A. and {Bertin}, E. and {Brooks}, D. and {Buckley-Geer}, E. and {Burke}, D.~L. and {Carnero Rosell}, A. and {Carrasco Kind}, M. and {Carretero}, J. and {Castander}, F.~J. and {Crocce}, M. and {Cunha}, C.~E. and {D'Andrea}, C.~B. and {da Costa}, L.~N. and {DePoy}, D.~L. and {Desai}, S. and {Diehl}, H.~T. and {Dietrich}, J.~P. and {Doel}, P. and {Fernandez}, E. and {Flaugher}, B. and {Fosalba}, P. and {Garc{\'\i}a-Bellido}, J. and {Gaztanaga}, E. and {Gerdes}, D.~W. and {Giannantonio}, T. and {Goldstein}, D.~A. and {Gruendl}, R.~A. and {Gschwend}, J. and {Gutierrez}, G. and {James}, D.~J. and {Jeltema}, T. and {Johnson}, M.~W.~G. and {Johnson}, M.~D. and {Kent}, S. and {Kuehn}, K. and {Kuhlmann}, S. and {Kuropatkin}, N. and {Li}, T.~S. and {Lima}, M. and {Lin}, H. and {Maia}, M.~A.~G. and {March}, M. and {Marshall}, J.~L. and {Martini}, P. and {Melchior}, P. and {Menanteau}, F. and {Miquel}, R. and {Mohr}, J.~J. and {Neilsen}, E. and {Nichol}, R.~C. and {Nord}, B. and {Petravick}, D. and {Plazas}, A.~A. and {Romer}, A.~K. and {Roodman}, A. and {Sako}, M. and {Sanchez}, E. and {Scarpine}, V. and {Schindler}, R. and {Schubnell}, M. and {Smith}, M. and {Smith}, R.~C. and {Soares-Santos}, M. and {Sobreira}, F. and {Suchyta}, E. and {Swanson}, M.~E.~C. and {Tarle}, G. and {Thomas}, D. and {Tucker}, D.~L. and {Vikram}, V. and {Walker}, A.~R. and {Weller}, J. and {Zhang}, Y. and {DES Collaboration}},
 doi = {10.1103/PhysRevD.98.043528},
 eid = {043528},
 eprint = {1708.01538},
 journal = {\prd},
 keywords = {Astrophysics - Cosmology and Nongalactic Astrophysics},
 month = {August},
 number = {4},
 pages = {043528},
 primaryclass = {astro-ph.CO},
 title = {{Dark Energy Survey Year 1 results: Cosmological constraints from cosmic shear}},
 volume = {98},
 year = {2018}
}

@article{1710.03235,
 adsnote = {Provided by the SAO/NASA Astrophysics Data System},
 adsurl = {https://ui.adsabs.harvard.edu/abs/2018ARA&A..56..393M},
 archiveprefix = {arXiv},
 author = {{Mandelbaum}, Rachel},
 doi = {10.1146/annurev-astro-081817-051928},
 eprint = {1710.03235},
 journal = {\araa},
 keywords = {Astrophysics - Cosmology and Nongalactic Astrophysics},
 month = {September},
 pages = {393-433},
 primaryclass = {astro-ph.CO},
 title = {{Weak Lensing for Precision Cosmology}},
 volume = {56},
 year = {2018}
}

@article{1712.00788,
 adsnote = {Provided by the SAO/NASA Astrophysics Data System},
 adsurl = {https://ui.adsabs.harvard.edu/abs/2018MNRAS.477.4957B},
 archiveprefix = {arXiv},
 author = {{Bolliet}, Boris and {Comis}, Barbara and {Komatsu}, Eiichiro and {Mac{\'\i}as-P{\'e}rez}, Juan Francisco},
 doi = {10.1093/mnras/sty823},
 eprint = {1712.00788},
 journal = {\mnras},
 keywords = {cosmological parameters, dark energy, cosmology: theory, cosmology: observations, Astrophysics - Cosmology and Nongalactic Astrophysics, Astrophysics - Astrophysics of Galaxies},
 month = {July},
 number = {4},
 pages = {4957-4967},
 primaryclass = {astro-ph.CO},
 title = {{Dark energy constraints from the thermal Sunyaev-Zeldovich power spectrum}},
 volume = {477},
 year = {2018}
}

@article{1801.02634,
 adsnote = {Provided by the SAO/NASA Astrophysics Data System},
 adsurl = {https://ui.adsabs.harvard.edu/abs/2018AJ....156..123A},
 archiveprefix = {arXiv},
 author = {{Astropy Collaboration} and {Price-Whelan}, A.~M. and {Sip{\H{o}}cz}, B.~M. and {G{\"u}nther}, H.~M. and {Lim}, P.~L. and {Crawford}, S.~M. and {Conseil}, S. and {Shupe}, D.~L. and {Craig}, M.~W. and {Dencheva}, N. and {Ginsburg}, A. and {VanderPlas}, J.~T. and {Bradley}, L.~D. and {P{\'e}rez-Su{\'a}rez}, D. and {de Val-Borro}, M. and {Aldcroft}, T.~L. and {Cruz}, K.~L. and {Robitaille}, T.~P. and {Tollerud}, E.~J. and {Ardelean}, C. and {Babej}, T. and {Bach}, Y.~P. and {Bachetti}, M. and {Bakanov}, A.~V. and {Bamford}, S.~P. and {Barentsen}, G. and {Barmby}, P. and {Baumbach}, A. and {Berry}, K.~L. and {Biscani}, F. and {Boquien}, M. and {Bostroem}, K.~A. and {Bouma}, L.~G. and {Brammer}, G.~B. and {Bray}, E.~M. and {Breytenbach}, H. and {Buddelmeijer}, H. and {Burke}, D.~J. and {Calderone}, G. and {Cano Rodr{\'\i}guez}, J.~L. and {Cara}, M. and {Cardoso}, J.~V.~M. and {Cheedella}, S. and {Copin}, Y. and {Corrales}, L. and {Crichton}, D. and {D'Avella}, D. and {Deil}, C. and {Depagne}, {\'E}. and {Dietrich}, J.~P. and {Donath}, A. and {Droettboom}, M. and {Earl}, N. and {Erben}, T. and {Fabbro}, S. and {Ferreira}, L.~A. and {Finethy}, T. and {Fox}, R.~T. and {Garrison}, L.~H. and {Gibbons}, S.~L.~J. and {Goldstein}, D.~A. and {Gommers}, R. and {Greco}, J.~P. and {Greenfield}, P. and {Groener}, A.~M. and {Grollier}, F. and {Hagen}, A. and {Hirst}, P. and {Homeier}, D. and {Horton}, A.~J. and {Hosseinzadeh}, G. and {Hu}, L. and {Hunkeler}, J.~S. and {Ivezi{\'c}}, {\v{Z}}. and {Jain}, A. and {Jenness}, T. and {Kanarek}, G. and {Kendrew}, S. and {Kern}, N.~S. and {Kerzendorf}, W.~E. and {Khvalko}, A. and {King}, J. and {Kirkby}, D. and {Kulkarni}, A.~M. and {Kumar}, A. and {Lee}, A. and {Lenz}, D. and {Littlefair}, S.~P. and {Ma}, Z. and {Macleod}, D.~M. and {Mastropietro}, M. and {McCully}, C. and {Montagnac}, S. and {Morris}, B.~M. and {Mueller}, M. and {Mumford}, S.~J. and {Muna}, D. and {Murphy}, N.~A. and {Nelson}, S. and {Nguyen}, G.~H. and {Ninan}, J.~P. and {N{\"o}the}, M. and {Ogaz}, S. and {Oh}, S. and {Parejko}, J.~K. and {Parley}, N. and {Pascual}, S. and {Patil}, R. and {Patil}, A.~A. and {Plunkett}, A.~L. and {Prochaska}, J.~X. and {Rastogi}, T. and {Reddy Janga}, V. and {Sabater}, J. and {Sakurikar}, P. and {Seifert}, M. and {Sherbert}, L.~E. and {Sherwood-Taylor}, H. and {Shih}, A.~Y. and {Sick}, J. and {Silbiger}, M.~T. and {Singanamalla}, S. and {Singer}, L.~P. and {Sladen}, P.~H. and {Sooley}, K.~A. and {Sornarajah}, S. and {Streicher}, O. and {Teuben}, P. and {Thomas}, S.~W. and {Tremblay}, G.~R. and {Turner}, J.~E.~H. and {Terr{\'o}n}, V. and {van Kerkwijk}, M.~H. and {de la Vega}, A. and {Watkins}, L.~L. and {Weaver}, B.~A. and {Whitmore}, J.~B. and {Woillez}, J. and {Zabalza}, V. and {Astropy Contributors}},
 doi = {10.3847/1538-3881/aabc4f},
 eid = {123},
 eprint = {1801.02634},
 journal = {\aj},
 keywords = {methods: data analysis, methods: miscellaneous, methods: statistical, reference systems, Astrophysics - Instrumentation and Methods for Astrophysics},
 month = {September},
 number = {3},
 pages = {123},
 primaryclass = {astro-ph.IM},
 title = {{The Astropy Project: Building an Open-science Project and Status of the v2.0 Core Package}},
 volume = {156},
 year = {2018}
}

@article{1801.03181,
 adsnote = {Provided by the SAO/NASA Astrophysics Data System},
 adsurl = {https://ui.adsabs.harvard.edu/abs/2018ApJS..239...18A},
 archiveprefix = {arXiv},
 author = {{Abbott}, T.~M.~C. and {Abdalla}, F.~B. and {Allam}, S. and {Amara}, A. and {Annis}, J. and {Asorey}, J. and {Avila}, S. and {Ballester}, O. and {Banerji}, M. and {Barkhouse}, W. and et al.},
 doi = {10.3847/1538-4365/aae9f0},
 eid = {18},
 eprint = {1801.03181},
 journal = {\apjs},
 keywords = {astronomical databases: miscellaneous, catalogs, cosmology: observations, surveys, techniques: image processing, techniques: photometric, Astrophysics - Instrumentation and Methods for Astrophysics, Astrophysics - Cosmology and Nongalactic Astrophysics, Astrophysics - Astrophysics of Galaxies, Astrophysics - Solar and Stellar Astrophysics},
 month = {December},
 number = {2},
 pages = {18},
 primaryclass = {astro-ph.IM},
 title = {{The Dark Energy Survey: Data Release 1}},
 volume = {239},
 year = {2018}
}

@article{1804.07261,
 adsnote = {Provided by the SAO/NASA Astrophysics Data System},
 adsurl = {https://ui.adsabs.harvard.edu/abs/2019PDU....24..260B},
 archiveprefix = {arXiv},
 author = {{Brinckmann}, Thejs and {Lesgourgues}, Julien},
 doi = {10.1016/j.dark.2018.100260},
 eid = {100260},
 eprint = {1804.07261},
 journal = {Physics of the Dark Universe},
 keywords = {Cosmology, Parameter inference, Numerical tools, Astrophysics - Cosmology and Nongalactic Astrophysics, Astrophysics - Instrumentation and Methods for Astrophysics},
 month = {March},
 pages = {100260},
 primaryclass = {astro-ph.CO},
 title = {{MontePython 3: Boosted MCMC sampler and other features}},
 volume = {24},
 year = {2019}
}

@article{1804.08657,
 adsnote = {Provided by the SAO/NASA Astrophysics Data System},
 adsurl = {https://ui.adsabs.harvard.edu/abs/2019AJ....157..168D},
 archiveprefix = {arXiv},
 author = {{Dey}, Arjun and {Schlegel}, David J. and {Lang}, Dustin and {Blum}, Robert and {Burleigh}, Kaylan and {Fan}, Xiaohui and {Findlay}, Joseph R. and {Finkbeiner}, Doug and {Herrera}, David and {Juneau}, St{\'e}phanie and {Landriau}, Martin and {Levi}, Michael and {McGreer}, Ian and {Meisner}, Aaron and {Myers}, Adam D. and {Moustakas}, John and {Nugent}, Peter and {Patej}, Anna and {Schlafly}, Edward F. and {Walker}, Alistair R. and {Valdes}, Francisco and {Weaver}, Benjamin A. and {Y{\`e}che}, Christophe and {Zou}, Hu and {Zhou}, Xu and {Abareshi}, Behzad and {Abbott}, T.~M.~C. and {Abolfathi}, Bela and {Aguilera}, C. and {Alam}, Shadab and {Allen}, Lori and {Alvarez}, A. and {Annis}, James and {Ansarinejad}, Behzad and {Aubert}, Marie and {Beechert}, Jacqueline and {Bell}, Eric F. and {BenZvi}, Segev Y. and {Beutler}, Florian and {Bielby}, Richard M. and {Bolton}, Adam S. and {Brice{\~n}o}, C{\'e}sar and {Buckley-Geer}, Elizabeth J. and {Butler}, Karen and {Calamida}, Annalisa and {Carlberg}, Raymond G. and {Carter}, Paul and {Casas}, Ricard and {Castander}, Francisco J. and {Choi}, Yumi and {Comparat}, Johan and {Cukanovaite}, Elena and {Delubac}, Timoth{\'e}e and {DeVries}, Kaitlin and {Dey}, Sharmila and {Dhungana}, Govinda and {Dickinson}, Mark and {Ding}, Zhejie and {Donaldson}, John B. and {Duan}, Yutong and {Duckworth}, Christopher J. and {Eftekharzadeh}, Sarah and {Eisenstein}, Daniel J. and {Etourneau}, Thomas and {Fagrelius}, Parker A. and {Farihi}, Jay and {Fitzpatrick}, Mike and {Font-Ribera}, Andreu and {Fulmer}, Leah and {G{\"a}nsicke}, Boris T. and {Gaztanaga}, Enrique and {George}, Koshy and {Gerdes}, David W. and {Gontcho}, Satya Gontcho A. and {Gorgoni}, Claudio and {Green}, Gregory and {Guy}, Julien and {Harmer}, Diane and {Hernandez}, M. and {Honscheid}, Klaus and {Huang}, Lijuan Wendy and {James}, David J. and {Jannuzi}, Buell T. and {Jiang}, Linhua and {Joyce}, Richard and {Karcher}, Armin and {Karkar}, Sonia and {Kehoe}, Robert and {Kneib}, Jean-Paul and {Kueter-Young}, Andrea and {Lan}, Ting-Wen and {Lauer}, Tod R. and {Le Guillou}, Laurent and {Le Van Suu}, Auguste and {Lee}, Jae Hyeon and {Lesser}, Michael and {Perreault Levasseur}, Laurence and {Li}, Ting S. and {Mann}, Justin L. and {Marshall}, Robert and {Mart{\'\i}nez-V{\'a}zquez}, C.~E. and {Martini}, Paul and {du Mas des Bourboux}, H{\'e}lion and {McManus}, Sean and {Meier}, Tobias Gabriel and {M{\'e}nard}, Brice and {Metcalfe}, Nigel and {Mu{\~n}oz-Guti{\'e}rrez}, Andrea and {Najita}, Joan and {Napier}, Kevin and {Narayan}, Gautham and {Newman}, Jeffrey A. and {Nie}, Jundan and {Nord}, Brian and {Norman}, Dara J. and {Olsen}, Knut A.~G. and {Paat}, Anthony and {Palanque-Delabrouille}, Nathalie and {Peng}, Xiyan and {Poppett}, Claire L. and {Poremba}, Megan R. and {Prakash}, Abhishek and {Rabinowitz}, David and {Raichoor}, Anand and {Rezaie}, Mehdi and {Robertson}, A.~N. and {Roe}, Natalie A. and {Ross}, Ashley J. and {Ross}, Nicholas P. and {Rudnick}, Gregory and {Safonova}, Sasha and {Saha}, Abhijit and {S{\'a}nchez}, F. Javier and {Savary}, Elodie and {Schweiker}, Heidi and {Scott}, Adam and {Seo}, Hee-Jong and {Shan}, Huanyuan and {Silva}, David R. and {Slepian}, Zachary and {Soto}, Christian and {Sprayberry}, David and {Staten}, Ryan and {Stillman}, Coley M. and {Stupak}, Robert J. and {Summers}, David L. and {Sien Tie}, Suk and {Tirado}, H. and {Vargas-Maga{\~n}a}, Mariana and {Vivas}, A. Katherina and {Wechsler}, Risa H. and {Williams}, Doug and {Yang}, Jinyi and {Yang}, Qian and {Yapici}, Tolga and {Zaritsky}, Dennis and {Zenteno}, A. and {Zhang}, Kai and {Zhang}, Tianmeng and {Zhou}, Rongpu and {Zhou}, Zhimin},
 doi = {10.3847/1538-3881/ab089d},
 eid = {168},
 eprint = {1804.08657},
 journal = {\aj},
 keywords = {catalogs, surveys, Astrophysics - Instrumentation and Methods for Astrophysics},
 month = {May},
 number = {5},
 pages = {168},
 primaryclass = {astro-ph.IM},
 title = {{Overview of the DESI Legacy Imaging Surveys}},
 volume = {157},
 year = {2019}
}

@article{1804.10663,
 adsnote = {Provided by the SAO/NASA Astrophysics Data System},
 adsurl = {https://ui.adsabs.harvard.edu/abs/2018MNRAS.479.4998T},
 archiveprefix = {arXiv},
 author = {{Troxel}, M.~A. and {Krause}, E. and {Chang}, C. and {Eifler}, T.~F. and {Friedrich}, O. and {Gruen}, D. and {MacCrann}, N. and {Chen}, A. and {Davis}, C. and {DeRose}, J. and {Dodelson}, S. and {Gatti}, M. and {Hoyle}, B. and {Huterer}, D. and {Jarvis}, M. and {Lacasa}, F. and {Lemos}, P. and {Peiris}, H.~V. and {Prat}, J. and {Samuroff}, S. and {S{\'a}nchez}, C. and {Sheldon}, E. and {Vielzeuf}, P. and {Wang}, M. and {Zuntz}, J. and {Lahav}, O. and {Abdalla}, F.~B. and {Allam}, S. and {Annis}, J. and {Avila}, S. and {Bertin}, E. and {Brooks}, D. and {Burke}, D.~L. and {Carnero Rosell}, A. and {Carrasco Kind}, M. and {Carretero}, J. and {Crocce}, M. and {Cunha}, C.~E. and {D'Andrea}, C.~B. and {da Costa}, L.~N. and {De Vicente}, J. and {Diehl}, H.~T. and {Doel}, P. and {Evrard}, A.~E. and {Flaugher}, B. and {Fosalba}, P. and {Frieman}, J. and {Garc{\'\i}a-Bellido}, J. and {Gaztanaga}, E. and {Gerdes}, D.~W. and {Gruendl}, R.~A. and {Gschwend}, J. and {Gutierrez}, G. and {Hartley}, W.~G. and {Hollowood}, D.~L. and {Honscheid}, K. and {James}, D.~J. and {Kirk}, D. and {Kuehn}, K. and {Kuropatkin}, N. and {Li}, T.~S. and {Lima}, M. and {March}, M. and {Menanteau}, F. and {Miquel}, R. and {Mohr}, J.~J. and {Ogando}, R.~L.~C. and {Plazas}, A.~A. and {Roodman}, A. and {Sanchez}, E. and {Scarpine}, V. and {Schindler}, R. and {Sevilla-Noarbe}, I. and {Smith}, M. and {Soares-Santos}, M. and {Sobreira}, F. and {Suchyta}, E. and {Swanson}, M.~E.~C. and {Thomas}, D. and {Walker}, A.~R. and {Wechsler}, R.~H.},
 doi = {10.1093/mnras/sty1889},
 eprint = {1804.10663},
 journal = {\mnras},
 keywords = {gravitational lensing: weak, methods: data analysis, methods: statistical, Astrophysics - Cosmology and Nongalactic Astrophysics},
 month = {October},
 number = {4},
 pages = {4998-5004},
 primaryclass = {astro-ph.CO},
 title = {{Survey geometry and the internal consistency of recent cosmic shear measurements}},
 volume = {479},
 year = {2018}
}

@article{1805.11525,
 adsnote = {Provided by the SAO/NASA Astrophysics Data System},
 adsurl = {https://ui.adsabs.harvard.edu/abs/2018MNRAS.481.1133P},
 archiveprefix = {arXiv},
 author = {{Peacock}, J.~A. and {Bilicki}, M.},
 doi = {10.1093/mnras/sty2314},
 eprint = {1805.11525},
 journal = {\mnras},
 keywords = {large-scale structure of Universe, cosmic background radiation, Astrophysics - Cosmology and Nongalactic Astrophysics},
 month = {November},
 number = {1},
 pages = {1133-1148},
 primaryclass = {astro-ph.CO},
 title = {{Wide-area tomography of CMB lensing and the growth of cosmological density fluctuations}},
 volume = {481},
 year = {2018}
}

@article{1807.06209,
 adsnote = {Provided by the SAO/NASA Astrophysics Data System},
 adsurl = {https://ui.adsabs.harvard.edu/abs/2020A&A...641A...6P},
 archiveprefix = {arXiv},
 author = {{Planck Collaboration} and {Aghanim}, N. and {Akrami}, Y. and {Ashdown}, M. and {Aumont}, J. and {Baccigalupi}, C. and {Ballardini}, M. and {Banday}, A.~J. and {Barreiro}, R.~B. and {Bartolo}, N. and {Basak}, S. and {Battye}, R. and {Benabed}, K. and {Bernard}, J. -P. and {Bersanelli}, M. and {Bielewicz}, P. and {Bock}, J.~J. and {Bond}, J.~R. and {Borrill}, J. and {Bouchet}, F.~R. and {Boulanger}, F. and {Bucher}, M. and {Burigana}, C. and {Butler}, R.~C. and {Calabrese}, E. and {Cardoso}, J. -F. and {Carron}, J. and {Challinor}, A. and {Chiang}, H.~C. and {Chluba}, J. and {Colombo}, L.~P.~L. and {Combet}, C. and {Contreras}, D. and {Crill}, B.~P. and {Cuttaia}, F. and {de Bernardis}, P. and {de Zotti}, G. and {Delabrouille}, J. and {Delouis}, J. -M. and {Di Valentino}, E. and {Diego}, J.~M. and {Dor{\'e}}, O. and {Douspis}, M. and {Ducout}, A. and {Dupac}, X. and {Dusini}, S. and {Efstathiou}, G. and {Elsner}, F. and {En{\ss}lin}, T.~A. and {Eriksen}, H.~K. and {Fantaye}, Y. and {Farhang}, M. and {Fergusson}, J. and {Fernandez-Cobos}, R. and {Finelli}, F. and {Forastieri}, F. and {Frailis}, M. and {Fraisse}, A.~A. and {Franceschi}, E. and {Frolov}, A. and {Galeotta}, S. and {Galli}, S. and {Ganga}, K. and {G{\'e}nova-Santos}, R.~T. and {Gerbino}, M. and {Ghosh}, T. and {Gonz{\'a}lez-Nuevo}, J. and {G{\'o}rski}, K.~M. and {Gratton}, S. and {Gruppuso}, A. and {Gudmundsson}, J.~E. and {Hamann}, J. and {Handley}, W. and {Hansen}, F.~K. and {Herranz}, D. and {Hildebrandt}, S.~R. and {Hivon}, E. and {Huang}, Z. and {Jaffe}, A.~H. and {Jones}, W.~C. and {Karakci}, A. and {Keih{\"a}nen}, E. and {Keskitalo}, R. and {Kiiveri}, K. and {Kim}, J. and {Kisner}, T.~S. and {Knox}, L. and {Krachmalnicoff}, N. and {Kunz}, M. and {Kurki-Suonio}, H. and {Lagache}, G. and {Lamarre}, J. -M. and {Lasenby}, A. and {Lattanzi}, M. and {Lawrence}, C.~R. and {Le Jeune}, M. and {Lemos}, P. and {Lesgourgues}, J. and {Levrier}, F. and {Lewis}, A. and {Liguori}, M. and {Lilje}, P.~B. and {Lilley}, M. and {Lindholm}, V. and {L{\'o}pez-Caniego}, M. and {Lubin}, P.~M. and {Ma}, Y. -Z. and {Mac{\'\i}as-P{\'e}rez}, J.~F. and {Maggio}, G. and {Maino}, D. and {Mandolesi}, N. and {Mangilli}, A. and {Marcos-Caballero}, A. and {Maris}, M. and {Martin}, P.~G. and {Martinelli}, M. and {Mart{\'\i}nez-Gonz{\'a}lez}, E. and {Matarrese}, S. and {Mauri}, N. and {McEwen}, J.~D. and {Meinhold}, P.~R. and {Melchiorri}, A. and {Mennella}, A. and {Migliaccio}, M. and {Millea}, M. and {Mitra}, S. and {Miville-Desch{\^e}nes}, M. -A. and {Molinari}, D. and {Montier}, L. and {Morgante}, G. and {Moss}, A. and {Natoli}, P. and {N{\o}rgaard-Nielsen}, H.~U. and {Pagano}, L. and {Paoletti}, D. and {Partridge}, B. and {Patanchon}, G. and {Peiris}, H.~V. and {Perrotta}, F. and {Pettorino}, V. and {Piacentini}, F. and {Polastri}, L. and {Polenta}, G. and {Puget}, J. -L. and {Rachen}, J.~P. and {Reinecke}, M. and {Remazeilles}, M. and {Renzi}, A. and {Rocha}, G. and {Rosset}, C. and {Roudier}, G. and {Rubi{\~n}o-Mart{\'\i}n}, J.~A. and {Ruiz-Granados}, B. and {Salvati}, L. and {Sandri}, M. and {Savelainen}, M. and {Scott}, D. and {Shellard}, E.~P.~S. and {Sirignano}, C. and {Sirri}, G. and {Spencer}, L.~D. and {Sunyaev}, R. and {Suur-Uski}, A. -S. and {Tauber}, J.~A. and {Tavagnacco}, D. and {Tenti}, M. and {Toffolatti}, L. and {Tomasi}, M. and {Trombetti}, T. and {Valenziano}, L. and {Valiviita}, J. and {Van Tent}, B. and {Vibert}, L. and {Vielva}, P. and {Villa}, F. and {Vittorio}, N. and {Wandelt}, B.~D. and {Wehus}, I.~K. and {White}, M. and {White}, S.~D.~M. and {Zacchei}, A. and {Zonca}, A.},
 doi = {10.1051/0004-6361/201833910},
 eid = {A6},
 eprint = {1807.06209},
 journal = {\aap},
 keywords = {cosmic background radiation, cosmological parameters, Astrophysics - Cosmology and Nongalactic Astrophysics},
 month = {September},
 pages = {A6},
 primaryclass = {astro-ph.CO},
 title = {{Planck 2018 results. VI. Cosmological parameters}},
 volume = {641},
 year = {2020}
}

@article{1807.06210,
 adsnote = {Provided by the SAO/NASA Astrophysics Data System},
 adsurl = {https://ui.adsabs.harvard.edu/abs/2020A&A...641A...8P},
 archiveprefix = {arXiv},
 author = {{Planck Collaboration} and {Aghanim}, N. and {Akrami}, Y. and {Ashdown}, M. and {Aumont}, J. and {Baccigalupi}, C. and {Ballardini}, M. and {Banday}, A.~J. and {Barreiro}, R.~B. and {Bartolo}, N. and {Basak}, S. and {Benabed}, K. and {Bernard}, J. -P. and {Bersanelli}, M. and {Bielewicz}, P. and {Bock}, J.~J. and {Bond}, J.~R. and {Borrill}, J. and {Bouchet}, F.~R. and {Boulanger}, F. and {Bucher}, M. and {Burigana}, C. and {Calabrese}, E. and {Cardoso}, J. -F. and {Carron}, J. and {Challinor}, A. and {Chiang}, H.~C. and {Colombo}, L.~P.~L. and {Combet}, C. and {Crill}, B.~P. and {Cuttaia}, F. and {de Bernardis}, P. and {de Zotti}, G. and {Delabrouille}, J. and {Di Valentino}, E. and {Diego}, J.~M. and {Dor{\'e}}, O. and {Douspis}, M. and {Ducout}, A. and {Dupac}, X. and {Efstathiou}, G. and {Elsner}, F. and {En{\ss}lin}, T.~A. and {Eriksen}, H.~K. and {Fantaye}, Y. and {Fernandez-Cobos}, R. and {Finelli}, F. and {Forastieri}, F. and {Frailis}, M. and {Fraisse}, A.~A. and {Franceschi}, E. and {Frolov}, A. and {Galeotta}, S. and {Galli}, S. and {Ganga}, K. and {G{\'e}nova-Santos}, R.~T. and {Gerbino}, M. and {Ghosh}, T. and {Gonz{\'a}lez-Nuevo}, J. and {G{\'o}rski}, K.~M. and {Gratton}, S. and {Gruppuso}, A. and {Gudmundsson}, J.~E. and {Hamann}, J. and {Handley}, W. and {Hansen}, F.~K. and {Herranz}, D. and {Hivon}, E. and {Huang}, Z. and {Jaffe}, A.~H. and {Jones}, W.~C. and {Karakci}, A. and {Keih{\"a}nen}, E. and {Keskitalo}, R. and {Kiiveri}, K. and {Kim}, J. and {Knox}, L. and {Krachmalnicoff}, N. and {Kunz}, M. and {Kurki-Suonio}, H. and {Lagache}, G. and {Lamarre}, J. -M. and {Lasenby}, A. and {Lattanzi}, M. and {Lawrence}, C.~R. and {Le Jeune}, M. and {Levrier}, F. and {Lewis}, A. and {Liguori}, M. and {Lilje}, P.~B. and {Lindholm}, V. and {L{\'o}pez-Caniego}, M. and {Lubin}, P.~M. and {Ma}, Y. -Z. and {Mac{\'\i}as-P{\'e}rez}, J.~F. and {Maggio}, G. and {Maino}, D. and {Mandolesi}, N. and {Mangilli}, A. and {Marcos-Caballero}, A. and {Maris}, M. and {Martin}, P.~G. and {Mart{\'\i}nez-Gonz{\'a}lez}, E. and {Matarrese}, S. and {Mauri}, N. and {McEwen}, J.~D. and {Melchiorri}, A. and {Mennella}, A. and {Migliaccio}, M. and {Miville-Desch{\^e}nes}, M. -A. and {Molinari}, D. and {Moneti}, A. and {Montier}, L. and {Morgante}, G. and {Moss}, A. and {Natoli}, P. and {Pagano}, L. and {Paoletti}, D. and {Partridge}, B. and {Patanchon}, G. and {Perrotta}, F. and {Pettorino}, V. and {Piacentini}, F. and {Polastri}, L. and {Polenta}, G. and {Puget}, J. -L. and {Rachen}, J.~P. and {Reinecke}, M. and {Remazeilles}, M. and {Renzi}, A. and {Rocha}, G. and {Rosset}, C. and {Roudier}, G. and {Rubi{\~n}o-Mart{\'\i}n}, J.~A. and {Ruiz-Granados}, B. and {Salvati}, L. and {Sandri}, M. and {Savelainen}, M. and {Scott}, D. and {Sirignano}, C. and {Sunyaev}, R. and {Suur-Uski}, A. -S. and {Tauber}, J.~A. and {Tavagnacco}, D. and {Tenti}, M. and {Toffolatti}, L. and {Tomasi}, M. and {Trombetti}, T. and {Valiviita}, J. and {Van Tent}, B. and {Vielva}, P. and {Villa}, F. and {Vittorio}, N. and {Wandelt}, B.~D. and {Wehus}, I.~K. and {White}, M. and {White}, S.~D.~M. and {Zacchei}, A. and {Zonca}, A.},
 doi = {10.1051/0004-6361/201833886},
 eid = {A8},
 eprint = {1807.06210},
 journal = {\aap},
 keywords = {gravitational lensing: weak, cosmological parameters, cosmic background radiation, large-scale structure of Universe, cosmology: observations, Astrophysics - Cosmology and Nongalactic Astrophysics},
 month = {September},
 pages = {A8},
 primaryclass = {astro-ph.CO},
 title = {{Planck 2018 results. VIII. Gravitational lensing}},
 volume = {641},
 year = {2020}
}

@article{1808.07445,
 adsnote = {Provided by the SAO/NASA Astrophysics Data System},
 adsurl = {https://ui.adsabs.harvard.edu/abs/2019JCAP...02..056A},
 archiveprefix = {arXiv},
 author = {{Ade}, Peter and {Aguirre}, James and {Ahmed}, Zeeshan and {Aiola}, Simone and {Ali}, Aamir and {Alonso}, David and {Alvarez}, Marcelo A. and {Arnold}, Kam and {Ashton}, Peter and {Austermann}, Jason and et al.},
 doi = {10.1088/1475-7516/2019/02/056},
 eid = {056},
 eprint = {1808.07445},
 journal = {\jcap},
 keywords = {Astrophysics - Cosmology and Nongalactic Astrophysics},
 month = {February},
 number = {2},
 pages = {056},
 primaryclass = {astro-ph.CO},
 title = {{The Simons Observatory: science goals and forecasts}},
 volume = {2019},
 year = {2019}
}

@article{1809.09148,
 adsnote = {Provided by the SAO/NASA Astrophysics Data System},
 adsurl = {https://ui.adsabs.harvard.edu/abs/2019PASJ...71...43H},
 archiveprefix = {arXiv},
 author = {{Hikage}, Chiaki and {Oguri}, Masamune and {Hamana}, Takashi and {More}, Surhud and {Mandelbaum}, Rachel and {Takada}, Masahiro and {K{\"o}hlinger}, Fabian and {Miyatake}, Hironao and {Nishizawa}, Atsushi J. and {Aihara}, Hiroaki and {Armstrong}, Robert and {Bosch}, James and {Coupon}, Jean and {Ducout}, Anne and {Ho}, Paul and {Hsieh}, Bau-Ching and {Komiyama}, Yutaka and {Lanusse}, Fran{\c{c}}ois and {Leauthaud}, Alexie and {Lupton}, Robert H. and {Medezinski}, Elinor and {Mineo}, Sogo and {Miyama}, Shoken and {Miyazaki}, Satoshi and {Murata}, Ryoma and {Murayama}, Hitoshi and {Shirasaki}, Masato and {Sif{\'o}n}, Crist{\'o}bal and {Simet}, Melanie and {Speagle}, Joshua and {Spergel}, David N. and {Strauss}, Michael A. and {Sugiyama}, Naoshi and {Tanaka}, Masayuki and {Utsumi}, Yousuke and {Wang}, Shiang-Yu and {Yamada}, Yoshihiko},
 doi = {10.1093/pasj/psz010},
 eid = {43},
 eprint = {1809.09148},
 journal = {\pasj},
 keywords = {dark matter, gravitational lensing: weak, large-scale structure of universe, Astrophysics - Cosmology and Nongalactic Astrophysics},
 month = {April},
 number = {2},
 pages = {43},
 primaryclass = {astro-ph.CO},
 title = {{Cosmology from cosmic shear power spectra with Subaru Hyper Suprime-Cam first-year data}},
 volume = {71},
 year = {2019}
}

@article{1809.09603,
 adsnote = {Provided by the SAO/NASA Astrophysics Data System},
 adsurl = {https://ui.adsabs.harvard.edu/abs/2019MNRAS.484.4127A},
 archiveprefix = {arXiv},
 author = {{Alonso}, David and {Sanchez}, Javier and {Slosar}, An{\v{z}}e and {LSST Dark Energy Science Collaboration}},
 doi = {10.1093/mnras/stz093},
 eprint = {1809.09603},
 journal = {\mnras},
 keywords = {methods: data analysis, methods: numerical, Astrophysics - Cosmology and Nongalactic Astrophysics},
 month = {April},
 number = {3},
 pages = {4127-4151},
 primaryclass = {astro-ph.CO},
 title = {{A unified pseudo-C$_{{\ensuremath{\ell}}}$ framework}},
 volume = {484},
 year = {2019}
}

@article{1810.02322,
 adsnote = {Provided by the SAO/NASA Astrophysics Data System},
 adsurl = {https://ui.adsabs.harvard.edu/abs/2019PhRvD.100b3541A},
 archiveprefix = {arXiv},
 author = {{Abbott}, T.~M.~C. and {Abdalla}, F.~B. and {Alarcon}, A. and {Allam}, S. and {Annis}, J. and {Avila}, S. and {Aylor}, K. and {Banerji}, M. and {Banik}, N. and {Baxter}, E.~J. and {Bechtol}, K. and {Becker}, M.~R. and {Benson}, B.~A. and {Bernstein}, G.~M. and {Bertin}, E. and {Bianchini}, F. and {Blazek}, J. and {Bleem}, L.~E. and {Bridle}, S.~L. and {Brooks}, D. and {Buckley-Geer}, E. and {Burke}, D.~L. and {Carlstrom}, J.~E. and {Carnero Rosell}, A. and {Carrasco Kind}, M. and {Carretero}, J. and {Castander}, F.~J. and {Cawthon}, R. and {Chang}, C. and {Chang}, C.~L. and {Cho}, H. -M. and {Choi}, A. and {Chown}, R. and {Crawford}, T.~M. and {Crites}, A.~T. and {Crocce}, M. and {Cunha}, C.~E. and {D'Andrea}, C.~B. and {da Costa}, L.~N. and {Davis}, C. and {de Haan}, T. and {DeRose}, J. and {Desai}, S. and {De Vicente}, J. and {Diehl}, H.~T. and {Dietrich}, J.~P. and {Dobbs}, M.~A. and {Dodelson}, S. and {Doel}, P. and {Drlica-Wagner}, A. and {Eifler}, T.~F. and {Elvin-Poole}, J. and {Everett}, W.~B. and {Flaugher}, B. and {Fosalba}, P. and {Friedrich}, O. and {Frieman}, J. and {Garc{\'\i}a-Bellido}, J. and {Gatti}, M. and {Gaztanaga}, E. and {George}, E.~M. and {Gerdes}, D.~W. and {Giannantonio}, T. and {Gruen}, D. and {Gruendl}, R.~A. and {Gschwend}, J. and {Gutierrez}, G. and {Halverson}, N.~W. and {Harrington}, N.~L. and {Hartley}, W.~G. and {Holder}, G.~P. and {Hollowood}, D.~L. and {Holzapfel}, W.~L. and {Honscheid}, K. and {Hou}, Z. and {Hoyle}, B. and {Hrubes}, J.~D. and {Huterer}, D. and {Jain}, B. and {James}, D.~J. and {Jarvis}, M. and {Jeltema}, T. and {Johnson}, M.~W.~G. and {Johnson}, M.~D. and {Kent}, S. and {Kirk}, D. and {Knox}, L. and {Kokron}, N. and {Krause}, E. and {Kuehn}, K. and {Lahav}, O. and {Lee}, A.~T. and {Leitch}, E.~M. and {Li}, T.~S. and {Lima}, M. and {Lin}, H. and {Luong-Van}, D. and {MacCrann}, N. and {Maia}, M.~A.~G. and {Manzotti}, A. and {Marrone}, D.~P. and {Marshall}, J.~L. and {Martini}, P. and {McMahon}, J.~J. and {Menanteau}, F. and {Meyer}, S.~S. and {Miquel}, R. and {Mocanu}, L.~M. and {Mohr}, J.~J. and {Muir}, J. and {Natoli}, T. and {Nicola}, A. and {Nord}, B. and {Omori}, Y. and {Padin}, S. and {Pandey}, S. and {Plazas}, A.~A. and {Porredon}, A. and {Prat}, J. and {Pryke}, C. and {Rau}, M.~M. and {Reichardt}, C.~L. and {Rollins}, R.~P. and {Romer}, A.~K. and {Roodman}, A. and {Ross}, A.~J. and {Rozo}, E. and {Ruhl}, J.~E. and {Rykoff}, E.~S. and {Samuroff}, S. and {S{\'a}nchez}, C. and {Sanchez}, E. and {Sayre}, J.~T. and {Scarpine}, V. and {Schaffer}, K.~K. and {Secco}, L.~F. and {Serrano}, S. and {Sevilla-Noarbe}, I. and {Sheldon}, E. and {Shirokoff}, E. and {Simard}, G. and {Smith}, M. and {Soares-Santos}, M. and {Sobreira}, F. and {Staniszewski}, Z. and {Stark}, A.~A. and {Story}, K.~T. and {Suchyta}, E. and {Swanson}, M.~E.~C. and {Tarle}, G. and {Thomas}, D. and {Troxel}, M.~A. and {Tucker}, D.~L. and {Vanderlinde}, K. and {Vieira}, J.~D. and {Vielzeuf}, P. and {Vikram}, V. and {Walker}, A.~R. and {Wechsler}, R.~H. and {Weller}, J. and {Williamson}, R. and {Wu}, W.~L.~K. and {Yanny}, B. and {Zahn}, O. and {Zhang}, Y. and {Zuntz}, J. and {DES} and {SPT Collaborations}},
 doi = {10.1103/PhysRevD.100.023541},
 eid = {023541},
 eprint = {1810.02322},
 journal = {\prd},
 keywords = {Astrophysics - Cosmology and Nongalactic Astrophysics},
 month = {July},
 number = {2},
 pages = {023541},
 primaryclass = {astro-ph.CO},
 title = {{Dark Energy Survey year 1 results: Joint analysis of galaxy clustering, galaxy lensing, and CMB lensing two-point functions}},
 volume = {100},
 year = {2019}
}

@article{1810.02499,
 adsnote = {Provided by the SAO/NASA Astrophysics Data System},
 adsurl = {https://ui.adsabs.harvard.edu/abs/2019PhRvD..99l3505A},
 archiveprefix = {arXiv},
 author = {{Abbott}, T.~M.~C. and {Abdalla}, F.~B. and {Avila}, S. and {Banerji}, M. and {Baxter}, E. and {Bechtol}, K. and {Becker}, M.~R. and {Bertin}, E. and {Blazek}, J. and {Bridle}, S.~L. and {Brooks}, D. and {Brout}, D. and {Burke}, D.~L. and {Campos}, A. and {Carnero Rosell}, A. and {Carrasco Kind}, M. and {Carretero}, J. and {Castander}, F.~J. and {Cawthon}, R. and {Chang}, C. and {Chen}, A. and {Crocce}, M. and {Cunha}, C.~E. and {da Costa}, L.~N. and {Davis}, C. and {De Vicente}, J. and {DeRose}, J. and {Desai}, S. and {Di Valentino}, E. and {Diehl}, H.~T. and {Dietrich}, J.~P. and {Dodelson}, S. and {Doel}, P. and {Drlica-Wagner}, A. and {Eifler}, T.~F. and {Elvin-Poole}, J. and {Evrard}, A.~E. and {Fernandez}, E. and {Fert{\'e}}, A. and {Flaugher}, B. and {Fosalba}, P. and {Frieman}, J. and {Garc{\'\i}a-Bellido}, J. and {Gaztanaga}, E. and {Gerdes}, D.~W. and {Giannantonio}, T. and {Gruen}, D. and {Gruendl}, R.~A. and {Gschwend}, J. and {Gutierrez}, G. and {Hartley}, W.~G. and {Hollowood}, D.~L. and {Honscheid}, K. and {Hoyle}, B. and {Huterer}, D. and {Jain}, B. and {Jeltema}, T. and {Johnson}, M.~W.~G. and {Johnson}, M.~D. and {Kim}, A.~G. and {Krause}, E. and {Kuehn}, K. and {Kuropatkin}, N. and {Lahav}, O. and {Lee}, S. and {Lemos}, P. and {Leonard}, C.~D. and {Li}, T.~S. and {Liddle}, A.~R. and {Lima}, M. and {Lin}, H. and {Maia}, M.~A.~G. and {Marshall}, J.~L. and {Martini}, P. and {Menanteau}, F. and {Miller}, C.~J. and {Miquel}, R. and {Miranda}, V. and {Mohr}, J.~J. and {Muir}, J. and {Nichol}, R.~C. and {Nord}, B. and {Ogando}, R.~L.~C. and {Plazas}, A.~A. and {Raveri}, M. and {Rollins}, R.~P. and {Romer}, A.~K. and {Roodman}, A. and {Rosenfeld}, R. and {Samuroff}, S. and {Sanchez}, E. and {Scarpine}, V. and {Schindler}, R. and {Schubnell}, M. and {Scolnic}, D. and {Secco}, L.~F. and {Serrano}, S. and {Sevilla-Noarbe}, I. and {Smith}, M. and {Soares-Santos}, M. and {Sobreira}, F. and {Suchyta}, E. and {Swanson}, M.~E.~C. and {Tarle}, G. and {Thomas}, D. and {Troxel}, M.~A. and {Vikram}, V. and {Walker}, A.~R. and {Weaverdyck}, N. and {Wechsler}, R.~H. and {Weller}, J. and {Yanny}, B. and {Zhang}, Y. and {Zuntz}, J. and {DES Collaboration}},
 doi = {10.1103/PhysRevD.99.123505},
 eid = {123505},
 eprint = {1810.02499},
 journal = {\prd},
 keywords = {Astrophysics - Cosmology and Nongalactic Astrophysics, General Relativity and Quantum Cosmology, High Energy Physics - Phenomenology},
 month = {June},
 number = {12},
 pages = {123505},
 primaryclass = {astro-ph.CO},
 title = {{Dark Energy Survey year 1 results: Constraints on extended cosmological models from galaxy clustering and weak lensing}},
 volume = {99},
 year = {2019}
}

@article{1811.05714,
 adsnote = {Provided by the SAO/NASA Astrophysics Data System},
 adsurl = {https://ui.adsabs.harvard.edu/abs/2019JCAP...01..016L},
 archiveprefix = {arXiv},
 author = {{Li}, Yin and {Singh}, Sukhdeep and {Yu}, Byeonghee and {Feng}, Yu and {Seljak}, Uro{\v{s}}},
 doi = {10.1088/1475-7516/2019/01/016},
 eid = {016},
 eprint = {1811.05714},
 journal = {\jcap},
 keywords = {Astrophysics - Cosmology and Nongalactic Astrophysics},
 month = {January},
 number = {1},
 pages = {016},
 primaryclass = {astro-ph.CO},
 title = {{Disconnected covariance of 2-point functions in large-scale structure}},
 volume = {2019},
 year = {2019}
}

@article{1812.05995,
 adsnote = {Provided by the SAO/NASA Astrophysics Data System},
 adsurl = {https://ui.adsabs.harvard.edu/abs/2019ApJS..242....2C},
 archiveprefix = {arXiv},
 author = {{Chisari}, Nora Elisa and {Alonso}, David and {Krause}, Elisabeth and {Leonard}, C. Danielle and {Bull}, Philip and {Neveu}, J{\'e}r{\'e}my and {Villarreal}, Antonio and {Singh}, Sukhdeep and {McClintock}, Thomas and {Ellison}, John and {Du}, Zilong and {Zuntz}, Joe and {Mead}, Alexander and {Joudaki}, Shahab and {Lorenz}, Christiane S. and {Tr{\"o}ster}, Tilman and {Sanchez}, Javier and {Lanusse}, Francois and {Ishak}, Mustapha and {Hlozek}, Ren{\'e}e and {Blazek}, Jonathan and {Campagne}, Jean-Eric and {Almoubayyed}, Husni and {Eifler}, Tim and {Kirby}, Matthew and {Kirkby}, David and {Plaszczynski}, St{\'e}phane and {Slosar}, An{\v{z}}e and {Vrastil}, Michal and {Wagoner}, Erika L. and {LSST Dark Energy Science Collaboration}},
 doi = {10.3847/1538-4365/ab1658},
 eid = {2},
 eprint = {1812.05995},
 journal = {\apjs},
 keywords = {cosmology: theory, dark energy, large-scale structure of universe, Astrophysics - Cosmology and Nongalactic Astrophysics, Astrophysics - Instrumentation and Methods for Astrophysics},
 month = {May},
 number = {1},
 pages = {2},
 primaryclass = {astro-ph.CO},
 title = {{Core Cosmology Library: Precision Cosmological Predictions for LSST}},
 volume = {242},
 year = {2019}
}

@article{1902.04029,
 adsnote = {Provided by the SAO/NASA Astrophysics Data System},
 adsurl = {https://ui.adsabs.harvard.edu/abs/2019PhRvD.100d3504H},
 archiveprefix = {arXiv},
 author = {{Handley}, Will and {Lemos}, Pablo},
 doi = {10.1103/PhysRevD.100.043504},
 eid = {043504},
 eprint = {1902.04029},
 journal = {\prd},
 keywords = {Astrophysics - Cosmology and Nongalactic Astrophysics, Astrophysics - Instrumentation and Methods for Astrophysics},
 month = {August},
 number = {4},
 pages = {043504},
 primaryclass = {astro-ph.CO},
 title = {{Quantifying tensions in cosmological parameters: Interpreting the DES evidence ratio}},
 volume = {100},
 year = {2019}
}

@article{1902.11265,
 adsnote = {Provided by the SAO/NASA Astrophysics Data System},
 adsurl = {https://ui.adsabs.harvard.edu/abs/2019A&A...625A...2K},
 archiveprefix = {arXiv},
 author = {{Kuijken}, K. and {Heymans}, C. and {Dvornik}, A. and {Hildebrandt}, H. and {de Jong}, J.~T.~A. and {Wright}, A.~H. and {Erben}, T. and {Bilicki}, M. and {Giblin}, B. and {Shan}, H. -Y. and {Getman}, F. and {Grado}, A. and {Hoekstra}, H. and {Miller}, L. and {Napolitano}, N. and {Paolilo}, M. and {Radovich}, M. and {Schneider}, P. and {Sutherland}, W. and {Tewes}, M. and {Tortora}, C. and {Valentijn}, E.~A. and {Verdoes Kleijn}, G.~A.},
 doi = {10.1051/0004-6361/201834918},
 eid = {A2},
 eprint = {1902.11265},
 journal = {\aap},
 keywords = {galaxies: general, surveys, large-scale structure of Universe, Astrophysics - Astrophysics of Galaxies, Astrophysics - Cosmology and Nongalactic Astrophysics},
 month = {May},
 pages = {A2},
 primaryclass = {astro-ph.GA},
 title = {{The fourth data release of the Kilo-Degree Survey: ugri imaging and nine-band optical-IR photometry over 1000 square degrees}},
 volume = {625},
 year = {2019}
}

@article{1903.07603,
 adsnote = {Provided by the SAO/NASA Astrophysics Data System},
 adsurl = {https://ui.adsabs.harvard.edu/abs/2019ApJ...876...85R},
 archiveprefix = {arXiv},
 author = {{Riess}, Adam G. and {Casertano}, Stefano and {Yuan}, Wenlong and {Macri}, Lucas M. and {Scolnic}, Dan},
 doi = {10.3847/1538-4357/ab1422},
 eid = {85},
 eprint = {1903.07603},
 journal = {\apj},
 keywords = {cosmological parameters, distance scale, stars: variables: Cepheids, supernovae: general, Astrophysics - Cosmology and Nongalactic Astrophysics, Astrophysics - Astrophysics of Galaxies},
 month = {May},
 number = {1},
 pages = {85},
 primaryclass = {astro-ph.CO},
 title = {{Large Magellanic Cloud Cepheid Standards Provide a 1\% Foundation for the Determination of the Hubble Constant and Stronger Evidence for Physics beyond {\ensuremath{\Lambda}}CDM}},
 volume = {876},
 year = {2019}
}

@article{1906.09262,
 adsnote = {Provided by the SAO/NASA Astrophysics Data System},
 adsurl = {https://ui.adsabs.harvard.edu/abs/2020A&A...638L...1J},
 archiveprefix = {arXiv},
 author = {{Joudaki}, S. and {Hildebrandt}, H. and {Traykova}, D. and {Chisari}, N.~E. and {Heymans}, C. and {Kannawadi}, A. and {Kuijken}, K. and {Wright}, A.~H. and {Asgari}, M. and {Erben}, T. and {Hoekstra}, H. and {Joachimi}, B. and {Miller}, L. and {Tr{\"o}ster}, T. and {van den Busch}, J.~L.},
 doi = {10.1051/0004-6361/201936154},
 eid = {L1},
 eprint = {1906.09262},
 journal = {\aap},
 keywords = {cosmology: observations, galaxies: photometry, gravitational lensing: weak, surveys, Astrophysics - Cosmology and Nongalactic Astrophysics},
 month = {June},
 pages = {L1},
 primaryclass = {astro-ph.CO},
 title = {{KiDS+VIKING-450 and DES-Y1 combined: Cosmology with cosmic shear}},
 volume = {638},
 year = {2020}
}

@article{1906.11765,
 adsnote = {Provided by the SAO/NASA Astrophysics Data System},
 adsurl = {https://ui.adsabs.harvard.edu/abs/2019JCAP...11..043G},
 archiveprefix = {arXiv},
 author = {{Garc{\'\i}a-Garc{\'\i}a}, Carlos and {Alonso}, David and {Bellini}, Emilio},
 doi = {10.1088/1475-7516/2019/11/043},
 eid = {043},
 eprint = {1906.11765},
 journal = {\jcap},
 keywords = {Astrophysics - Cosmology and Nongalactic Astrophysics, Astrophysics - Instrumentation and Methods for Astrophysics},
 month = {November},
 number = {11},
 pages = {043},
 primaryclass = {astro-ph.CO},
 title = {{Disconnected pseudo-C$_{l}$ covariances for projected large-scale structure data}},
 volume = {2019},
 year = {2019}
}

@article{1907.04869,
 adsnote = {Provided by the SAO/NASA Astrophysics Data System},
 adsurl = {https://ui.adsabs.harvard.edu/abs/2020MNRAS.498.1420W},
 archiveprefix = {arXiv},
 author = {{Wong}, Kenneth C. and {Suyu}, Sherry H. and {Chen}, Geoff C. -F. and {Rusu}, Cristian E. and {Millon}, Martin and {Sluse}, Dominique and {Bonvin}, Vivien and {Fassnacht}, Christopher D. and {Taubenberger}, Stefan and {Auger}, Matthew W. and {Birrer}, Simon and {Chan}, James H.~H. and {Courbin}, Frederic and {Hilbert}, Stefan and {Tihhonova}, Olga and {Treu}, Tommaso and {Agnello}, Adriano and {Ding}, Xuheng and {Jee}, Inh and {Komatsu}, Eiichiro and {Shajib}, Anowar J. and {Sonnenfeld}, Alessandro and {Blandford}, Roger D. and {Koopmans}, L{\'e}on V.~E. and {Marshall}, Philip J. and {Meylan}, Georges},
 doi = {10.1093/mnras/stz3094},
 eprint = {1907.04869},
 journal = {\mnras},
 keywords = {gravitational lensing: strong, cosmological parameters, distance scale, cosmology: observations, Astrophysics - Cosmology and Nongalactic Astrophysics, Astrophysics - Astrophysics of Galaxies},
 month = {October},
 number = {1},
 pages = {1420-1439},
 primaryclass = {astro-ph.CO},
 title = {{H0LiCOW {\textendash} XIII. A 2.4 per cent measurement of H$_{0}$ from lensed quasars: 5.3{\ensuremath{\sigma}} tension between early- and late-Universe probes}},
 volume = {498},
 year = {2020}
}

@article{1907.05922,
 adsnote = {Provided by the SAO/NASA Astrophysics Data System},
 adsurl = {https://ui.adsabs.harvard.edu/abs/2019ApJ...882...34F},
 archiveprefix = {arXiv},
 author = {{Freedman}, Wendy L. and {Madore}, Barry F. and {Hatt}, Dylan and {Hoyt}, Taylor J. and {Jang}, In Sung and {Beaton}, Rachael L. and {Burns}, Christopher R. and {Lee}, Myung Gyoon and {Monson}, Andrew J. and {Neeley}, Jillian R. and {Phillips}, M.~M. and {Rich}, Jeffrey A. and {Seibert}, Mark},
 doi = {10.3847/1538-4357/ab2f73},
 eid = {34},
 eprint = {1907.05922},
 journal = {\apj},
 keywords = {cosmological parameters, distance scale, galaxies: distances and redshifts, stars: low-mass, stars: Population II, Astrophysics - Cosmology and Nongalactic Astrophysics, Astrophysics - Astrophysics of Galaxies},
 month = {September},
 number = {1},
 pages = {34},
 primaryclass = {astro-ph.CO},
 title = {{The Carnegie-Chicago Hubble Program. VIII. An Independent Determination of the Hubble Constant Based on the Tip of the Red Giant Branch}},
 volume = {882},
 year = {2019}
}

@article{1908.07099,
 adsnote = {Provided by the SAO/NASA Astrophysics Data System},
 adsurl = {https://ui.adsabs.harvard.edu/abs/2019ApJS..245....4Z},
 archiveprefix = {arXiv},
 author = {{Zou}, Hu and {Zhou}, Xu and {Fan}, Xiaohui and {Zhang}, Tianmeng and {Zhou}, Zhimin and {Peng}, Xiyan and {Nie}, Jundan and {Jiang}, Linhua and {McGreer}, Ian and {Cai}, Zheng and {Chen}, Guangwen and {Chen}, Xinkai and {Dey}, Arjun and {Fan}, Dongwei and {Findlay}, Joseph R. and {Gao}, Jinghua and {Gu}, Yizhou and {Guo}, Yucheng and {He}, Boliang and {Jiang}, Zhaoji and {Jin}, Junjie and {Kong}, Xu and {Lang}, Dustin and {Lei}, Fengjie and {Lesser}, Michael and {Li}, Feng and {Li}, Zefeng and {Lin}, Zesen and {Ma}, Jun and {Maxwell}, Moe and {Meng}, Xiaolei and {Myers}, Adam D. and {Ning}, Yuanhang and {Schlegel}, David and {Shao}, Yali and {Shi}, Dongdong and {Sun}, Fengwu and {Wang}, Jiali and {Wang}, Shu and {Wang}, Yonghao and {Wei}, Peng and {Wu}, Hong and {Wu}, Jin and {Wu}, Xiaohan and {Yang}, Jinyi and {Yang}, Qian and {Yuan}, Qirong and {Yue}, Minghao},
 doi = {10.3847/1538-4365/ab48e8},
 eid = {4},
 eprint = {1908.07099},
 journal = {\apjs},
 keywords = {Sky surveys, Astronomy data reduction, Observational astronomy, Catalogs, 1464, 1861, 1145, 205, Astrophysics - Astrophysics of Galaxies, Astrophysics - Instrumentation and Methods for Astrophysics},
 month = {November},
 number = {1},
 pages = {4},
 primaryclass = {astro-ph.GA},
 title = {{The Third Data Release of the Beijing-Arizona Sky Survey}},
 volume = {245},
 year = {2019}
}

@article{1908.10309,
 adsnote = {Provided by the SAO/NASA Astrophysics Data System},
 adsurl = {https://ui.adsabs.harvard.edu/abs/2020A&A...643A.100S},
 archiveprefix = {arXiv},
 author = {{Siewert}, T.~M. and {Hale}, C. and {Bhardwaj}, N. and {Biermann}, M. and {Bacon}, D.~J. and {Jarvis}, M. and {R{\"o}ttgering}, H.~J.~A. and {Schwarz}, D.~J. and {Shimwell}, T. and {Best}, P.~N. and {Duncan}, K.~J. and {Hardcastle}, M.~J. and {Sabater}, J. and {Tasse}, C. and {White}, G.~J. and {Williams}, W.~L.},
 doi = {10.1051/0004-6361/201936592},
 eid = {A100},
 eprint = {1908.10309},
 journal = {\aap},
 keywords = {large-scale structure of Universe, galaxies: statistics, cosmology: observations, radio continuum: galaxies, Astrophysics - Cosmology and Nongalactic Astrophysics},
 month = {November},
 pages = {A100},
 primaryclass = {astro-ph.CO},
 title = {{One- and two-point source statistics from the LOFAR Two-metre Sky Survey first data release}},
 volume = {643},
 year = {2020}
}

@article{1909.07412,
 adsnote = {Provided by the SAO/NASA Astrophysics Data System},
 adsurl = {https://ui.adsabs.harvard.edu/abs/2020JCAP...05..047K},
 archiveprefix = {arXiv},
 author = {{Krolewski}, Alex and {Ferraro}, Simone and {Schlafly}, Edward F. and {White}, Martin},
 doi = {10.1088/1475-7516/2020/05/047},
 eid = {047},
 eprint = {1909.07412},
 journal = {\jcap},
 keywords = {Astrophysics - Cosmology and Nongalactic Astrophysics},
 month = {May},
 number = {5},
 pages = {047},
 primaryclass = {astro-ph.CO},
 title = {{unWISE tomography of Planck CMB lensing}},
 volume = {2020},
 year = {2020}
}

@article{1909.09102,
 adsnote = {Provided by the SAO/NASA Astrophysics Data System},
 adsurl = {https://ui.adsabs.harvard.edu/abs/2020MNRAS.491.5464K},
 archiveprefix = {arXiv},
 author = {{Koukoufilippas}, Nick and {Alonso}, David and {Bilicki}, Maciej and {Peacock}, John A.},
 doi = {10.1093/mnras/stz3351},
 eprint = {1909.09102},
 journal = {\mnras},
 keywords = {methods: data analysis, cosmology: observations, large-scale structure of Universe, Astrophysics - Cosmology and Nongalactic Astrophysics},
 month = {February},
 number = {4},
 pages = {5464-5480},
 primaryclass = {astro-ph.CO},
 title = {{Tomographic measurement of the intergalactic gas pressure through galaxy-tSZ cross-correlations}},
 volume = {491},
 year = {2020}
}

@article{1909.09632,
 adsnote = {Provided by the SAO/NASA Astrophysics Data System},
 adsurl = {https://ui.adsabs.harvard.edu/abs/2020A&A...637A.100W},
 archiveprefix = {arXiv},
 author = {{Wright}, Angus H. and {Hildebrandt}, Hendrik and {van den Busch}, Jan Luca and {Heymans}, Catherine},
 doi = {10.1051/0004-6361/201936782},
 eid = {A100},
 eprint = {1909.09632},
 journal = {\aap},
 keywords = {techniques: photometric, cosmology: observations, Astrophysics - Cosmology and Nongalactic Astrophysics, Astrophysics - Instrumentation and Methods for Astrophysics},
 month = {May},
 pages = {A100},
 primaryclass = {astro-ph.CO},
 title = {{Photometric redshift calibration with self-organising maps}},
 volume = {637},
 year = {2020}
}

@article{1910.07097,
 adsnote = {Provided by the SAO/NASA Astrophysics Data System},
 adsurl = {https://ui.adsabs.harvard.edu/abs/2020MNRAS.492.5754M},
 archiveprefix = {arXiv},
 author = {{Modi}, Chirag and {Chen}, Shi-Fan and {White}, Martin},
 doi = {10.1093/mnras/staa251},
 eprint = {1910.07097},
 journal = {\mnras},
 keywords = {galaxies: haloes, galaxies: statistics, cosmological parameters, cosmology: theory, large-scale structure of the Universe, Astrophysics - Cosmology and Nongalactic Astrophysics},
 month = {March},
 number = {4},
 pages = {5754-5763},
 primaryclass = {astro-ph.CO},
 title = {{Simulations and symmetries}},
 volume = {492},
 year = {2020}
}

@article{1912.08209,
 adsnote = {Provided by the SAO/NASA Astrophysics Data System},
 adsurl = {https://ui.adsabs.harvard.edu/abs/2020JCAP...03..044N},
 archiveprefix = {arXiv},
 author = {{Nicola}, Andrina and {Alonso}, David and {S{\'a}nchez}, Javier and {Slosar}, An{\v{z}}e and {Awan}, Humna and {Broussard}, Adam and {Dunkley}, Jo and {Gawiser}, Eric and {Gomes}, Zahra and {Mandelbaum}, Rachel and {Miyatake}, Hironao and {Newman}, Jeffrey A. and {Sevilla-Noarbe}, Ignacio and {Skinner}, Sarah and {Wagoner}, Erika L.},
 doi = {10.1088/1475-7516/2020/03/044},
 eid = {044},
 eprint = {1912.08209},
 journal = {\jcap},
 keywords = {Astrophysics - Cosmology and Nongalactic Astrophysics},
 month = {March},
 number = {3},
 pages = {044},
 primaryclass = {astro-ph.CO},
 title = {{Tomographic galaxy clustering with the Subaru Hyper Suprime-Cam first year public data release}},
 volume = {2020},
 year = {2020}
}

@article{1953ApJ...117..134L,
 adsnote = {Provided by the SAO/NASA Astrophysics Data System},
 adsurl = {https://ui.adsabs.harvard.edu/abs/1953ApJ...117..134L},
 author = {{Limber}, D. Nelson},
 doi = {10.1086/145672},
 journal = {\apj},
 month = {January},
 pages = {134},
 title = {{The Analysis of Counts of the Extragalactic Nebulae in Terms of a Fluctuating Density Field.}},
 volume = {117},
 year = {1953}
}

@article{1979Natur.281..358A,
 adsnote = {Provided by the SAO/NASA Astrophysics Data System},
 adsurl = {https://ui.adsabs.harvard.edu/abs/1979Natur.281..358A},
 author = {{Alcock}, C. and {Paczynski}, B.},
 doi = {10.1038/281358a0},
 journal = {\nat},
 keywords = {Astrophysics},
 month = {October},
 pages = {358},
 title = {{An evolution free test for non-zero cosmological constant}},
 volume = {281},
 year = {1979}
}

@article{1987MNRAS.227....1K,
 adsnote = {Provided by the SAO/NASA Astrophysics Data System},
 adsurl = {https://ui.adsabs.harvard.edu/abs/1987MNRAS.227....1K},
 author = {{Kaiser}, Nick},
 doi = {10.1093/mnras/227.1.1},
 journal = {\mnras},
 keywords = {Astronomical Models, Deep Space, Galactic Clusters, Red Shift, Density Distribution, Power Spectra, Velocity Distribution, Astrophysics},
 month = {July},
 pages = {1-21},
 title = {{Clustering in real space and in redshift space}},
 volume = {227},
 year = {1987}
}

@article{2001.09213,
 adsnote = {Provided by the SAO/NASA Astrophysics Data System},
 adsurl = {https://ui.adsabs.harvard.edu/abs/2020ApJ...891L...1P},
 archiveprefix = {arXiv},
 author = {{Pesce}, D.~W. and {Braatz}, J.~A. and {Reid}, M.~J. and {Riess}, A.~G. and {Scolnic}, D. and {Condon}, J.~J. and {Gao}, F. and {Henkel}, C. and {Impellizzeri}, C.~M.~V. and {Kuo}, C.~Y. and {Lo}, K.~Y.},
 doi = {10.3847/2041-8213/ab75f0},
 eid = {L1},
 eprint = {2001.09213},
 journal = {\apjl},
 keywords = {758, 1146, 1023, 1790, 1769, Astrophysics - Cosmology and Nongalactic Astrophysics, Astrophysics - Astrophysics of Galaxies},
 month = {March},
 number = {1},
 pages = {L1},
 primaryclass = {astro-ph.CO},
 title = {{The Megamaser Cosmology Project. XIII. Combined Hubble Constant Constraints}},
 volume = {891},
 year = {2020}
}

@article{2003.11558,
 adsnote = {Provided by the SAO/NASA Astrophysics Data System},
 adsurl = {https://ui.adsabs.harvard.edu/abs/2020OJAp....3E...6T},
 archiveprefix = {arXiv},
 author = {{Tessore}, Nicolas and {Harrison}, Ian},
 doi = {10.21105/astro.2003.11558},
 eid = {6},
 eprint = {2003.11558},
 journal = {The Open Journal of Astrophysics},
 keywords = {Astrophysics - Cosmology and Nongalactic Astrophysics},
 month = {June},
 number = {1},
 pages = {6},
 primaryclass = {astro-ph.CO},
 title = {{Source Distributions of Cosmic Shear Surveys in Efficiency Space}},
 volume = {3},
 year = {2020}
}

@article{2007.01845,
 adsnote = {Provided by the SAO/NASA Astrophysics Data System},
 adsurl = {https://ui.adsabs.harvard.edu/abs/2021A&A...645A.105G},
 archiveprefix = {arXiv},
 author = {{Giblin}, Benjamin and {Heymans}, Catherine and {Asgari}, Marika and {Hildebrandt}, Hendrik and {Hoekstra}, Henk and {Joachimi}, Benjamin and {Kannawadi}, Arun and {Kuijken}, Konrad and {Lin}, Chieh-An and {Miller}, Lance and {Tr{\"o}ster}, Tilman and {van den Busch}, Jan Luca and {Wright}, Angus H. and {Bilicki}, Maciej and {Blake}, Chris and {de Jong}, Jelte and {Dvornik}, Andrej and {Erben}, Thomas and {Getman}, Fedor and {Napolitano}, Nicola R. and {Schneider}, Peter and {Shan}, HuanYuan and {Valentijn}, Edwin},
 doi = {10.1051/0004-6361/202038850},
 eid = {A105},
 eprint = {2007.01845},
 journal = {\aap},
 keywords = {gravitational lensing: weak, large-scale structure of Universe, cosmological parameters, Astrophysics - Cosmology and Nongalactic Astrophysics},
 month = {January},
 pages = {A105},
 primaryclass = {astro-ph.CO},
 title = {{KiDS-1000 catalogue: Weak gravitational lensing shear measurements}},
 volume = {645},
 year = {2021}
}

@article{2007.07288,
 adsnote = {Provided by the SAO/NASA Astrophysics Data System},
 adsurl = {https://ui.adsabs.harvard.edu/abs/2020JCAP...12..047A},
 archiveprefix = {arXiv},
 author = {{Aiola}, Simone and {Calabrese}, Erminia and {Maurin}, Lo{\"\i}c and {Naess}, Sigurd and {Schmitt}, Benjamin L. and {Abitbol}, Maximilian H. and {Addison}, Graeme E. and {Ade}, Peter A.~R. and {Alonso}, David and {Amiri}, Mandana and {Amodeo}, Stefania and {Angile}, Elio and {Austermann}, Jason E. and {Baildon}, Taylor and {Battaglia}, Nick and {Beall}, James A. and {Bean}, Rachel and {Becker}, Daniel T. and {Bond}, J. Richard and {Bruno}, Sarah Marie and {Calafut}, Victoria and {Campusano}, Luis E. and {Carrero}, Felipe and {Chesmore}, Grace E. and {Cho}, Hsiao-mei and {Choi}, Steve K. and {Clark}, Susan E. and {Cothard}, Nicholas F. and {Crichton}, Devin and {Crowley}, Kevin T. and {Darwish}, Omar and {Datta}, Rahul and {Denison}, Edward V. and {Devlin}, Mark J. and {Duell}, Cody J. and {Duff}, Shannon M. and {Duivenvoorden}, Adriaan J. and {Dunkley}, Jo and {D{\"u}nner}, Rolando and {Essinger-Hileman}, Thomas and {Fankhanel}, Max and {Ferraro}, Simone and {Fox}, Anna E. and {Fuzia}, Brittany and {Gallardo}, Patricio A. and {Gluscevic}, Vera and {Golec}, Joseph E. and {Grace}, Emily and {Gralla}, Megan and {Guan}, Yilun and {Hall}, Kirsten and {Halpern}, Mark and {Han}, Dongwon and {Hargrave}, Peter and {Hasselfield}, Matthew and {Helton}, Jakob M. and {Henderson}, Shawn and {Hensley}, Brandon and {Hill}, J. Colin and {Hilton}, Gene C. and {Hilton}, Matt and {Hincks}, Adam D. and {Hlo{\v{z}}ek}, Ren{\'e}e and {Ho}, Shuay-Pwu Patty and {Hubmayr}, Johannes and {Huffenberger}, Kevin M. and {Hughes}, John P. and {Infante}, Leopoldo and {Irwin}, Kent and {Jackson}, Rebecca and {Klein}, Jeff and {Knowles}, Kenda and {Koopman}, Brian and {Kosowsky}, Arthur and {Lakey}, Vincent and {Li}, Dale and {Li}, Yaqiong and {Li}, Zack and {Lokken}, Martine and {Louis}, Thibaut and {Lungu}, Marius and {MacInnis}, Amanda and {Madhavacheril}, Mathew and {Maldonado}, Felipe and {Mallaby-Kay}, Maya and {Marsden}, Danica and {McMahon}, Jeff and {Menanteau}, Felipe and {Moodley}, Kavilan and {Morton}, Tim and {Namikawa}, Toshiya and {Nati}, Federico and {Newburgh}, Laura and {Nibarger}, John P. and {Nicola}, Andrina and {Niemack}, Michael D. and {Nolta}, Michael R. and {Orlowski-Sherer}, John and {Page}, Lyman A. and {Pappas}, Christine G. and {Partridge}, Bruce and {Phakathi}, Phumlani and {Pisano}, Giampaolo and {Prince}, Heather and {Puddu}, Roberto and {Qu}, Frank J. and {Rivera}, Jesus and {Robertson}, Naomi and {Rojas}, Felipe and {Salatino}, Maria and {Schaan}, Emmanuel and {Schillaci}, Alessandro and {Sehgal}, Neelima and {Sherwin}, Blake D. and {Sierra}, Carlos and {Sievers}, Jon and {Sifon}, Cristobal and {Sikhosana}, Precious and {Simon}, Sara and {Spergel}, David N. and {Staggs}, Suzanne T. and {Stevens}, Jason and {Storer}, Emilie and {Sunder}, Dhaneshwar D. and {Switzer}, Eric R. and {Thorne}, Ben and {Thornton}, Robert and {Trac}, Hy and {Treu}, Jesse and {Tucker}, Carole and {Vale}, Leila R. and {Van Engelen}, Alexander and {Van Lanen}, Jeff and {Vavagiakis}, Eve M. and {Wagoner}, Kasey and {Wang}, Yuhan and {Ward}, Jonathan T. and {Wollack}, Edward J. and {Xu}, Zhilei and {Zago}, Fernando and {Zhu}, Ningfeng},
 doi = {10.1088/1475-7516/2020/12/047},
 eid = {047},
 eprint = {2007.07288},
 journal = {\jcap},
 keywords = {Astrophysics - Cosmology and Nongalactic Astrophysics},
 month = {December},
 number = {12},
 pages = {047},
 primaryclass = {astro-ph.CO},
 title = {{The Atacama Cosmology Telescope: DR4 maps and cosmological parameters}},
 volume = {2020},
 year = {2020}
}

@article{2007.08991,
 adsnote = {Provided by the SAO/NASA Astrophysics Data System},
 adsurl = {https://ui.adsabs.harvard.edu/abs/2021PhRvD.103h3533A},
 archiveprefix = {arXiv},
 author = {{Alam}, Shadab and {Aubert}, Marie and {Avila}, Santiago and {Balland}, Christophe and {Bautista}, Julian E. and {Bershady}, Matthew A. and {Bizyaev}, Dmitry and {Blanton}, Michael R. and {Bolton}, Adam S. and {Bovy}, Jo and {Brinkmann}, Jonathan and {Brownstein}, Joel R. and {Burtin}, Etienne and {Chabanier}, Sol{\`e}ne and {Chapman}, Michael J. and {Choi}, Peter Doohyun and {Chuang}, Chia-Hsun and {Comparat}, Johan and {Cousinou}, Marie-Claude and {Cuceu}, Andrei and {Dawson}, Kyle S. and {de la Torre}, Sylvain and {de Mattia}, Arnaud and {Agathe}, Victoria de Sainte and {des Bourboux}, H{\'e}lion du Mas and {Escoffier}, Stephanie and {Etourneau}, Thomas and {Farr}, James and {Font-Ribera}, Andreu and {Frinchaboy}, Peter M. and {Fromenteau}, Sebastien and {Gil-Mar{\'\i}n}, H{\'e}ctor and {Le Goff}, Jean-Marc and {Gonzalez-Morales}, Alma X. and {Gonzalez-Perez}, Violeta and {Grabowski}, Kathleen and {Guy}, Julien and {Hawken}, Adam J. and {Hou}, Jiamin and {Kong}, Hui and {Parker}, James and {Klaene}, Mark and {Kneib}, Jean-Paul and {Lin}, Sicheng and {Long}, Daniel and {Lyke}, Brad W. and {de la Macorra}, Axel and {Martini}, Paul and {Masters}, Karen and {Mohammad}, Faizan G. and {Moon}, Jeongin and {Mueller}, Eva-Maria and {Mu{\~n}oz-Guti{\'e}rrez}, Andrea and {Myers}, Adam D. and {Nadathur}, Seshadri and {Neveux}, Richard and {Newman}, Jeffrey A. and {Noterdaeme}, Pasquier and {Oravetz}, Audrey and {Oravetz}, Daniel and {Palanque-Delabrouille}, Nathalie and {Pan}, Kaike and {Paviot}, Romain and {Percival}, Will J. and {P{\'e}rez-R{\`a}fols}, Ignasi and {Petitjean}, Patrick and {Pieri}, Matthew M. and {Prakash}, Abhishek and {Raichoor}, Anand and {Ravoux}, Corentin and {Rezaie}, Mehdi and {Rich}, James and {Ross}, Ashley J. and {Rossi}, Graziano and {Ruggeri}, Rossana and {Ruhlmann-Kleider}, Vanina and {S{\'a}nchez}, Ariel G. and {S{\'a}nchez}, F. Javier and {S{\'a}nchez-Gallego}, Jos{\'e} R. and {Sayres}, Conor and {Schneider}, Donald P. and {Seo}, Hee-Jong and {Shafieloo}, Arman and {Slosar}, An{\v{z}}e and {Smith}, Alex and {Stermer}, Julianna and {Tamone}, Amelie and {Tinker}, Jeremy L. and {Tojeiro}, Rita and {Vargas-Maga{\~n}a}, Mariana and {Variu}, Andrei and {Wang}, Yuting and {Weaver}, Benjamin A. and {Weijmans}, Anne-Marie and {Y{\`e}che}, Christophe and {Zarrouk}, Pauline and {Zhao}, Cheng and {Zhao}, Gong-Bo and {Zheng}, Zheng},
 doi = {10.1103/PhysRevD.103.083533},
 eid = {083533},
 eprint = {2007.08991},
 journal = {\prd},
 keywords = {Astrophysics - Cosmology and Nongalactic Astrophysics},
 month = {April},
 number = {8},
 pages = {083533},
 primaryclass = {astro-ph.CO},
 title = {{Completed SDSS-IV extended Baryon Oscillation Spectroscopic Survey: Cosmological implications from two decades of spectroscopic surveys at the Apache Point Observatory}},
 volume = {103},
 year = {2021}
}

@article{2007.08998,
 adsnote = {Provided by the SAO/NASA Astrophysics Data System},
 adsurl = {https://ui.adsabs.harvard.edu/abs/2021MNRAS.500.1201H},
 archiveprefix = {arXiv},
 author = {{Hou}, Jiamin and {S{\'a}nchez}, Ariel G. and {Ross}, Ashley J. and {Smith}, Alex and {Neveux}, Richard and {Bautista}, Julian and {Burtin}, Etienne and {Zhao}, Cheng and {Scoccimarro}, Rom{\'a}n and {Dawson}, Kyle S. and {de Mattia}, Arnaud and {de la Macorra}, Axel and {du Mas des Bourboux}, H{\'e}lion and {Eisenstein}, Daniel J. and {Gil-Mar{\'\i}n}, H{\'e}ctor and {Lyke}, Brad W. and {Mohammad}, Faizan G. and {Mueller}, Eva-Maria and {Percival}, Will J. and {Rossi}, Graziano and {Vargas Maga{\~n}a}, Mariana and {Zarrouk}, Pauline and {Zhao}, Gong-Bo and {Brinkmann}, Jonathan and {Brownstein}, Joel R. and {Chuang}, Chia-Hsun and {Myers}, Adam D. and {Newman}, Jeffrey A. and {Schneider}, Donald P. and {Vivek}, M.},
 doi = {10.1093/mnras/staa3234},
 eprint = {2007.08998},
 journal = {\mnras},
 keywords = {methods: data analysis, quasars: general, cosmology: observations, cosmology: large-scale structure of Universe, cosmology: dark energy, cosmology: distance scale, Astrophysics - Cosmology and Nongalactic Astrophysics},
 month = {January},
 number = {1},
 pages = {1201-1221},
 primaryclass = {astro-ph.CO},
 title = {{The completed SDSS-IV extended Baryon Oscillation Spectroscopic Survey: BAO and RSD measurements from anisotropic clustering analysis of the quasar sample in configuration space between redshift 0.8 and 2.2}},
 volume = {500},
 year = {2021}
}

@article{2007.08999,
 adsnote = {Provided by the SAO/NASA Astrophysics Data System},
 adsurl = {https://ui.adsabs.harvard.edu/abs/2020MNRAS.499..210N},
 archiveprefix = {arXiv},
 author = {{Neveux}, Richard and {Burtin}, Etienne and {de Mattia}, Arnaud and {Smith}, Alex and {Ross}, Ashley J. and {Hou}, Jiamin and {Bautista}, Julian and {Brinkmann}, Jonathan and {Chuang}, Chia-Hsun and {Dawson}, Kyle S. and {Gil-Mar{\'\i}n}, H{\'e}ctor and {Lyke}, Brad W. and {de la Macorra}, Axel and {du Mas des Bourboux}, H{\'e}lion and {Mohammad}, Faizan G. and {M{\"u}ller}, Eva-Maria and {Myers}, Adam D. and {Newman}, Jeffrey A. and {Percival}, Will J. and {Rossi}, Graziano and {Schneider}, Donald and {Vivek}, M. and {Zarrouk}, Pauline and {Zhao}, Cheng and {Zhao}, Gong-Bo},
 doi = {10.1093/mnras/staa2780},
 eprint = {2007.08999},
 journal = {\mnras},
 keywords = {galaxies: distances and redshifts, dark energy, distance scale, large-scale structure of Universe, cosmology: observations, Astrophysics - Cosmology and Nongalactic Astrophysics},
 month = {November},
 number = {1},
 pages = {210-229},
 primaryclass = {astro-ph.CO},
 title = {{The completed SDSS-IV extended Baryon Oscillation Spectroscopic Survey: BAO and RSD measurements from the anisotropic power spectrum of the quasar sample between redshift 0.8 and 2.2}},
 volume = {499},
 year = {2020}
}

@article{2007.09000,
 adsnote = {Provided by the SAO/NASA Astrophysics Data System},
 adsurl = {https://ui.adsabs.harvard.edu/abs/2020MNRAS.498.2354R},
 archiveprefix = {arXiv},
 author = {{Ross}, Ashley J. and {Bautista}, Julian and {Tojeiro}, Rita and {Alam}, Shadab and {Bailey}, Stephen and {Burtin}, Etienne and {Comparat}, Johan and {Dawson}, Kyle S. and {de Mattia}, Arnaud and {du Mas des Bourboux}, H{\'e}lion and {Gil-Mar{\'\i}n}, H{\'e}ctor and {Hou}, Jiamin and {Kong}, Hui and {Lyke}, Brad W. and {Mohammad}, Faizan G. and {Moustakas}, John and {Mueller}, Eva-Maria and {Myers}, Adam D. and {Percival}, Will J. and {Raichoor}, Anand and {Rezaie}, Mehdi and {Seo}, Hee-Jong and {Smith}, Alex and {Tinker}, Jeremy L. and {Zarrouk}, Pauline and {Zhao}, Cheng and {Zhao}, Gong-Bo and {Bizyaev}, Dmitry and {Brinkmann}, Jonathan and {Brownstein}, Joel R. and {Rosell}, Aurelio Carnero and {Chabanier}, Sol{\`e}ne and {Choi}, Peter D. and {Chuang}, Chia-Hsun and {Cruz-Gonzalez}, Irene and {de la Macorra}, Axel and {de la Torre}, Sylvain and {Escoffier}, Stephanie and {Fromenteau}, Sebastien and {Higley}, Alexandra and {Jullo}, Eric and {Kneib}, Jean-Paul and {McLane}, Jacob N. and {Mu{\~n}oz-Guti{\'e}rrez}, Andrea and {Neveux}, Richard and {Newman}, Jeffrey A. and {Nitschelm}, Christian and {Palanque-Delabrouille}, Nathalie and {Paviot}, Romain and {Pullen}, Anthony R. and {Rossi}, Graziano and {Ruhlmann-Kleider}, Vanina and {Schneider}, Donald P. and {Maga{\~n}a}, Mariana Vargas and {Vivek}, M. and {Zhang}, Yucheng},
 doi = {10.1093/mnras/staa2416},
 eprint = {2007.09000},
 journal = {\mnras},
 keywords = {catalogues, cosmology: observations, Astrophysics - Cosmology and Nongalactic Astrophysics},
 month = {October},
 number = {2},
 pages = {2354-2371},
 primaryclass = {astro-ph.CO},
 title = {{The Completed SDSS-IV extended Baryon Oscillation Spectroscopic Survey: Large-scale structure catalogues for cosmological analysis}},
 volume = {498},
 year = {2020}
}

@article{2007.15632,
 adsnote = {Provided by the SAO/NASA Astrophysics Data System},
 adsurl = {https://ui.adsabs.harvard.edu/abs/2021A&A...646A.140H},
 archiveprefix = {arXiv},
 author = {{Heymans}, Catherine and {Tr{\"o}ster}, Tilman and {Asgari}, Marika and {Blake}, Chris and {Hildebrandt}, Hendrik and {Joachimi}, Benjamin and {Kuijken}, Konrad and {Lin}, Chieh-An and {S{\'a}nchez}, Ariel G. and {van den Busch}, Jan Luca and {Wright}, Angus H. and {Amon}, Alexandra and {Bilicki}, Maciej and {de Jong}, Jelte and {Crocce}, Martin and {Dvornik}, Andrej and {Erben}, Thomas and {Fortuna}, Maria Cristina and {Getman}, Fedor and {Giblin}, Benjamin and {Glazebrook}, Karl and {Hoekstra}, Henk and {Joudaki}, Shahab and {Kannawadi}, Arun and {K{\"o}hlinger}, Fabian and {Lidman}, Chris and {Miller}, Lance and {Napolitano}, Nicola R. and {Parkinson}, David and {Schneider}, Peter and {Shan}, HuanYuan and {Valentijn}, Edwin A. and {Verdoes Kleijn}, Gijs and {Wolf}, Christian},
 doi = {10.1051/0004-6361/202039063},
 eid = {A140},
 eprint = {2007.15632},
 journal = {\aap},
 keywords = {gravitational lensing: weak, methods: data analysis, methods: statistical, surveys, Astrophysics - Cosmology and Nongalactic Astrophysics},
 month = {February},
 pages = {A140},
 primaryclass = {astro-ph.CO},
 title = {{KiDS-1000 Cosmology: Multi-probe weak gravitational lensing and spectroscopic galaxy clustering constraints}},
 volume = {646},
 year = {2021}
}

@article{2007.15633,
 adsnote = {Provided by the SAO/NASA Astrophysics Data System},
 adsurl = {https://ui.adsabs.harvard.edu/abs/2021A&A...645A.104A},
 archiveprefix = {arXiv},
 author = {{Asgari}, Marika and {Lin}, Chieh-An and {Joachimi}, Benjamin and {Giblin}, Benjamin and {Heymans}, Catherine and {Hildebrandt}, Hendrik and {Kannawadi}, Arun and {St{\"o}lzner}, Benjamin and {Tr{\"o}ster}, Tilman and {van den Busch}, Jan Luca and {Wright}, Angus H. and {Bilicki}, Maciej and {Blake}, Chris and {de Jong}, Jelte and {Dvornik}, Andrej and {Erben}, Thomas and {Getman}, Fedor and {Hoekstra}, Henk and {K{\"o}hlinger}, Fabian and {Kuijken}, Konrad and {Miller}, Lance and {Radovich}, Mario and {Schneider}, Peter and {Shan}, HuanYuan and {Valentijn}, Edwin},
 doi = {10.1051/0004-6361/202039070},
 eid = {A104},
 eprint = {2007.15633},
 journal = {\aap},
 keywords = {gravitational lensing: weak, methods: observational, cosmology: observations, large-scale structure of Universe, cosmological parameters, Astrophysics - Cosmology and Nongalactic Astrophysics},
 month = {January},
 pages = {A104},
 primaryclass = {astro-ph.CO},
 title = {{KiDS-1000 cosmology: Cosmic shear constraints and comparison between two point statistics}},
 volume = {645},
 year = {2021}
}

@article{2007.15635,
 adsnote = {Provided by the SAO/NASA Astrophysics Data System},
 adsurl = {https://ui.adsabs.harvard.edu/abs/2021A&A...647A.124H},
 archiveprefix = {arXiv},
 author = {{Hildebrandt}, H. and {van den Busch}, J.~L. and {Wright}, A.~H. and {Blake}, C. and {Joachimi}, B. and {Kuijken}, K. and {Tr{\"o}ster}, T. and {Asgari}, M. and {Bilicki}, M. and {de Jong}, J.~T.~A. and {Dvornik}, A. and {Erben}, T. and {Getman}, F. and {Giblin}, B. and {Heymans}, C. and {Kannawadi}, A. and {Lin}, C. -A. and {Shan}, H. -Y.},
 doi = {10.1051/0004-6361/202039018},
 eid = {A124},
 eprint = {2007.15635},
 journal = {\aap},
 keywords = {cosmology: observations, gravitational lensing: weak, galaxies: photometry, surveys, Astrophysics - Cosmology and Nongalactic Astrophysics, Astrophysics - Instrumentation and Methods for Astrophysics},
 month = {March},
 pages = {A124},
 primaryclass = {astro-ph.CO},
 title = {{KiDS-1000 catalogue: Redshift distributions and their calibration}},
 volume = {647},
 year = {2021}
}

@article{2008.04369,
 adsnote = {Provided by the SAO/NASA Astrophysics Data System},
 adsurl = {https://ui.adsabs.harvard.edu/abs/2020ApJ...904..182M},
 archiveprefix = {arXiv},
 author = {{Marques}, Gabriela A. and {Liu}, Jia and {Huffenberger}, Kevin M. and {Colin Hill}, J.},
 doi = {10.3847/1538-4357/abc003},
 eid = {182},
 eprint = {2008.04369},
 journal = {\apj},
 keywords = {Observational cosmology, Weak gravitational lensing, Large-scale structure of the universe, Cosmic microwave background radiation, 1146, 1797, 902, 322, Astrophysics - Cosmology and Nongalactic Astrophysics},
 month = {December},
 number = {2},
 pages = {182},
 primaryclass = {astro-ph.CO},
 title = {{Cross-correlation between Subaru Hyper Suprime-Cam Galaxy Weak Lensing and Planck Cosmic Microwave Background Lensing}},
 volume = {904},
 year = {2020}
}

@article{2009.01817,
 adsnote = {Provided by the SAO/NASA Astrophysics Data System},
 adsurl = {https://ui.adsabs.harvard.edu/abs/2021MNRAS.502..876A},
 archiveprefix = {arXiv},
 author = {{Alonso}, David and {Bellini}, Emilio and {Hale}, Catherine and {Jarvis}, Matt J. and {Schwarz}, Dominik J.},
 doi = {10.1093/mnras/stab046},
 eprint = {2009.01817},
 journal = {\mnras},
 keywords = {methods: data analysis, large-scale structure of Universe, Astrophysics - Cosmology and Nongalactic Astrophysics, Astrophysics - Astrophysics of Galaxies},
 month = {March},
 number = {1},
 pages = {876-887},
 primaryclass = {astro-ph.CO},
 title = {{Cross-correlating radio continuum surveys and CMB lensing: constraining redshift distributions, galaxy bias, and cosmology}},
 volume = {502},
 year = {2021}
}

@article{2010.00466,
 adsnote = {Provided by the SAO/NASA Astrophysics Data System},
 adsurl = {https://ui.adsabs.harvard.edu/abs/2021MNRAS.501.1481H},
 archiveprefix = {arXiv},
 author = {{Hang}, Qianjun and {Alam}, Shadab and {Peacock}, John A. and {Cai}, Yan-Chuan},
 doi = {10.1093/mnras/staa3738},
 eprint = {2010.00466},
 journal = {\mnras},
 keywords = {gravitational lensing: weak, cosmic background radiation, large-scale structure of Universe, Astrophysics - Cosmology and Nongalactic Astrophysics},
 month = {February},
 number = {1},
 pages = {1481-1498},
 primaryclass = {astro-ph.CO},
 title = {{Galaxy clustering in the DESI Legacy Survey and its imprint on the CMB}},
 volume = {501},
 year = {2021}
}

@article{2010.05924,
 adsnote = {Provided by the SAO/NASA Astrophysics Data System},
 adsurl = {https://ui.adsabs.harvard.edu/abs/2021PhRvD.103b3528M},
 archiveprefix = {arXiv},
 author = {{Muir}, J. and {Baxter}, E. and {Miranda}, V. and {Doux}, C. and {Fert{\'e}}, A. and {Leonard}, C.~D. and {Huterer}, D. and {Jain}, B. and {Lemos}, P. and {Raveri}, M. and {Nadathur}, S. and {Campos}, A. and {Chen}, A. and {Dodelson}, S. and {Elvin-Poole}, J. and {Lee}, S. and {Secco}, L.~F. and {Troxel}, M.~A. and {Weaverdyck}, N. and {Zuntz}, J. and {Brout}, D. and {Choi}, A. and {Crocce}, M. and {Davis}, T.~M. and {Gruen}, D. and {Krause}, E. and {Lidman}, C. and {MacCrann}, N. and {M{\"o}ller}, A. and {Prat}, J. and {Ross}, A.~J. and {Sako}, M. and {Samuroff}, S. and {S{\'a}nchez}, C. and {Scolnic}, D. and {Zhang}, B. and {Abbott}, T.~M.~C. and {Aguena}, M. and {Allam}, S. and {Annis}, J. and {Avila}, S. and {Bacon}, D. and {Bertin}, E. and {Bhargava}, S. and {Bridle}, S.~L. and {Brooks}, D. and {Burke}, D.~L. and {Carnero Rosell}, A. and {Carrasco Kind}, M. and {Carretero}, J. and {Cawthon}, R. and {Costanzi}, M. and {da Costa}, L.~N. and {Pereira}, M.~E.~S. and {Desai}, S. and {Diehl}, H.~T. and {Dietrich}, J.~P. and {Doel}, P. and {Estrada}, J. and {Everett}, S. and {Evrard}, A.~E. and {Ferrero}, I. and {Flaugher}, B. and {Frieman}, J. and {Garc{\'\i}a-Bellido}, J. and {Giannantonio}, T. and {Gruendl}, R.~A. and {Gschwend}, J. and {Gutierrez}, G. and {Hinton}, S.~R. and {Hollowood}, D.~L. and {Honscheid}, K. and {Hoyle}, B. and {James}, D.~J. and {Jeltema}, T. and {Kuehn}, K. and {Kuropatkin}, N. and {Lahav}, O. and {Lima}, M. and {Maia}, M.~A.~G. and {Menanteau}, F. and {Miquel}, R. and {Morgan}, R. and {Myles}, J. and {Palmese}, A. and {Paz-Chinch{\'o}n}, F. and {Plazas}, A.~A. and {Romer}, A.~K. and {Roodman}, A. and {Sanchez}, E. and {Scarpine}, V. and {Serrano}, S. and {Sevilla-Noarbe}, I. and {Smith}, M. and {Suchyta}, E. and {Swanson}, M.~E.~C. and {Tarle}, G. and {Thomas}, D. and {To}, C. and {Tucker}, D.~L. and {Varga}, T.~N. and {Weller}, J. and {Wilkinson}, R.~D. and {DES Collaboration}},
 doi = {10.1103/PhysRevD.103.023528},
 eid = {023528},
 eprint = {2010.05924},
 journal = {\prd},
 keywords = {Astrophysics - Cosmology and Nongalactic Astrophysics},
 month = {January},
 number = {2},
 pages = {023528},
 primaryclass = {astro-ph.CO},
 title = {{DES Y1 results: Splitting growth and geometry to test {\ensuremath{\Lambda}} CDM}},
 volume = {103},
 year = {2021}
}

@article{2010.07797,
 adsnote = {Provided by the SAO/NASA Astrophysics Data System},
 adsurl = {https://ui.adsabs.harvard.edu/abs/2021MNRAS.503.5310R},
 archiveprefix = {arXiv},
 author = {{Rotti}, Aditya and {Bolliet}, Boris and {Chluba}, Jens and {Remazeilles}, Mathieu},
 doi = {10.1093/mnras/stab469},
 eprint = {2010.07797},
 journal = {\mnras},
 keywords = {Cosmology, large-scale structure of Universe, observations, Astrophysics - Cosmology and Nongalactic Astrophysics},
 month = {June},
 number = {4},
 pages = {5310-5328},
 primaryclass = {astro-ph.CO},
 title = {{Removing the giants and learning from the crowd: A new SZ power spectrum method and revised Compton y-map analysis}},
 volume = {503},
 year = {2021}
}

@article{2010.09717,
 adsnote = {Provided by the SAO/NASA Astrophysics Data System},
 adsurl = {https://ui.adsabs.harvard.edu/abs/2021JCAP...03..067N},
 archiveprefix = {arXiv},
 author = {{Nicola}, Andrina and {Garc{\'\i}a-Garc{\'\i}a}, Carlos and {Alonso}, David and {Dunkley}, Jo and {Ferreira}, Pedro G. and {Slosar}, An{\v{z}}e and {Spergel}, David N.},
 doi = {10.1088/1475-7516/2021/03/067},
 eid = {067},
 eprint = {2010.09717},
 journal = {\jcap},
 keywords = {power spectrum, weak gravitational lensing, Astrophysics - Cosmology and Nongalactic Astrophysics},
 month = {March},
 number = {3},
 pages = {067},
 primaryclass = {astro-ph.CO},
 title = {{Cosmic shear power spectra in practice}},
 volume = {2021},
 year = {2021}
}

@article{2010.15278,
 adsnote = {Provided by the SAO/NASA Astrophysics Data System},
 adsurl = {https://ui.adsabs.harvard.edu/abs/2020arXiv201015278J},
 archiveprefix = {arXiv},
 author = {{Joudaki}, Shahab and {Ferreira}, Pedro G. and {Lima}, Nelson A. and {Winther}, Hans A.},
 eid = {arXiv:2010.15278},
 eprint = {2010.15278},
 journal = {arXiv e-prints},
 keywords = {Astrophysics - Cosmology and Nongalactic Astrophysics, General Relativity and Quantum Cosmology},
 month = {October},
 pages = {arXiv:2010.15278},
 primaryclass = {astro-ph.CO},
 title = {{Testing Gravity on Cosmic Scales: A Case Study of Jordan-Brans-Dicke Theory}},
 year = {2020}
}

@article{2010.16416,
 adsnote = {Provided by the SAO/NASA Astrophysics Data System},
 adsurl = {https://ui.adsabs.harvard.edu/abs/2020arXiv201016416T},
 archiveprefix = {arXiv},
 author = {{Tr{\"o}ster}, Tilman and {Asgari}, Marika and {Blake}, Chris and {Cataneo}, Matteo and {Heymans}, Catherine and {Hildebrandt}, Hendrik and {Joachimi}, Benjamin and {Lin}, Chieh-An and {S{\'a}nchez}, Ariel G. and {Wright}, Angus H. and {Bilicki}, Maciej and {Bose}, Benjamin and {Crocce}, Martin and {Dvornik}, Andrej and {Erben}, Thomas and {Giblin}, Benjamin and {Glazebrook}, Karl and {Hoekstra}, Henk and {Joudaki}, Shahab and {Kannawadi}, Arun and {K{\"o}hlinger}, Fabian and {Kuijken}, Konrad and {Lidman}, Chris and {Lombriser}, Lucas and {Mead}, Alexander and {Parkinson}, David and {Shan}, HuanYuan and {Wolf}, Christian and {Xia}, Qianli},
 eid = {arXiv:2010.16416},
 eprint = {2010.16416},
 journal = {arXiv e-prints},
 keywords = {Astrophysics - Cosmology and Nongalactic Astrophysics},
 month = {October},
 pages = {arXiv:2010.16416},
 primaryclass = {astro-ph.CO},
 title = {{KiDS-1000 Cosmology: constraints beyond flat $\Lambda$CDM}},
 year = {2020}
}

@article{2011.11613,
 adsnote = {Provided by the SAO/NASA Astrophysics Data System},
 adsurl = {https://ui.adsabs.harvard.edu/abs/2020arXiv201111613R},
 archiveprefix = {arXiv},
 author = {{Robertson}, Naomi Clare and {Alonso}, David and {Harnois-D{\'e}raps}, Joachim and {Darwish}, Omar and {Kannawad}, Arun and {Amon}, Alexandra and {Asgari}, Marika and {Bilicki}, Maciej and {Calabrese}, Erminia and {Choi}, Steve K. and {Devlin}, Mark J. and {Dunkley}, Jo and {Dvornik}, Andrej and {Erben}, Thomas and {Ferraro}, Simone and {Fortuna}, Maria Cristina and {Giblin}, Benjamin and {Han}, Dongwon and {Heymans}, Catherine and {Hildebrandt}, Hendrik and {Hill}, J. Colin and {Hilton}, Matt and {Ho}, Shuay-Pwu P. and {Hoekstra}, Henk and {Hubmayr}, Johannes and {Hughes}, Jack and {Joachimi}, Benjamin and {Joudaki}, Shahab and {Knowles}, Kenda and {Kuijken}, Konrad and {Madhavacheril}, Mathew S. and {Moodley}, Kavilan and {Miller}, Lance and {Namikawa}, Toshiya and {Nati}, Federico and {Niemack}, Michael D. and {Page}, Lyman A. and {Partridge}, Bruce and {Schaan}, Emmanuel and {Schillaci}, Alessandro and {Schneider}, Peter and {Sehgal}, Neelima and {Sherwin}, Blake D. and {Sif{\'o}n}, Crist{\'o}bal and {Staggs}, Suzanne T. and {Tr{\"o}ster}, Tilman and {van Engelen}, Alexander and {Valentijn}, Edwin and {Wollack}, Edward J. and {Wright}, Angus H. and {Xu}, Zhilei},
 eid = {arXiv:2011.11613},
 eprint = {2011.11613},
 journal = {arXiv e-prints},
 keywords = {Astrophysics - Cosmology and Nongalactic Astrophysics},
 month = {November},
 pages = {arXiv:2011.11613},
 primaryclass = {astro-ph.CO},
 title = {{Strong detection of the CMB lensingxgalaxy weak lensingcross-correlation from ACT-DR4,PlanckLegacy and KiDS-1000}},
 year = {2020}
}

@article{2012.08568,
 adsnote = {Provided by the SAO/NASA Astrophysics Data System},
 adsurl = {https://ui.adsabs.harvard.edu/abs/2020arXiv201208568F},
 archiveprefix = {arXiv},
 author = {{Friedrich}, O. and {Andrade-Oliveira}, F. and {Camacho}, H. and {Alves}, O. and {Rosenfeld}, R. and {Sanchez}, J. and {Fang}, X. and {Eifler}, T.~F. and {Krause}, E. and {Chang}, C. and {Omori}, Y. and {Amon}, A. and {Baxter}, E. and {Elvin-Poole}, J. and {Huterer}, D. and {Porredon}, A. and {Prat}, J. and {Terra}, V. and {Troja}, A. and {Alarcon}, A. and {Bechtol}, K. and {Bernstein}, G.~M. and {Buchs}, R. and {Campos}, A. and {Carnero Rosell}, A. and {Carrasco Kind}, M. and {Cawthon}, R. and {Choi}, A. and {Cordero}, J. and {Crocce}, M. and {Davis}, C. and {DeRose}, J. and {Diehl}, H.~T. and {Dodelson}, S. and {Doux}, C. and {Drlica-Wagner}, A. and {Elsner}, F. and {Everett}, S. and {Fosalba}, P. and {Gatti}, M. and {Giannini}, G. and {Gruen}, D. and {Gruendl}, R.~A. and {Harrison}, I. and {Hartley}, W.~G. and {Jain}, B. and {Jarvis}, M. and {MacCrann}, N. and {McCullough}, J. and {Muir}, J. and {Myles}, J. and {Pandey}, S. and {Raveri}, M. and {Roodman}, A. and {Rodriguez-Monroy}, M. and {Rykoff}, E.~S. and {Samuroff}, S. and {S{\'a}nchez}, C. and {Secco}, L.~F. and {Sevilla-Noarbe}, I. and {Sheldon}, E. and {Troxel}, M.~A. and {Weaverdyck}, N. and {Yanny}, B. and {Aguena}, M. and {Avila}, S. and {Bacon}, D. and {Bertin}, E. and {Bhargava}, S. and {Brooks}, D. and {Burke}, D.~L. and {Carretero}, J. and {Costanzi}, M. and {da Costa}, L.~N. and {Pereira}, M.~E.~S. and {De Vicente}, J. and {Desai}, S. and {Evrard}, A.~E. and {Ferrero}, I. and {Frieman}, J. and {Garc{\'\i}a-Bellido}, J. and {Gaztanaga}, E. and {Gerdes}, D.~W. and {Giannantonio}, T. and {Gschwend}, J. and {Gutierrez}, G. and {Hinton}, S.~R. and {Hollowood}, D.~L. and {Honscheid}, K. and {James}, D.~J. and {Kuehn}, K. and {Lahav}, O. and {Lima}, M. and {Maia}, M.~A.~G. and {Menanteau}, F. and {Miquel}, R. and {Morgan}, R. and {Palmese}, A. and {Paz-Chinch{\'o}n}, F. and {Plazas}, A.~A. and {Sanchez}, E. and {Scarpine}, V. and {Serrano}, S. and {Soares-Santos}, M. and {Smith}, M. and {Suchyta}, E. and {Tarle}, G. and {Thomas}, D. and {To}, C. and {Varga}, T.~N. and {Weller}, J. and {Wilkinson}, R.~D.},
 eid = {arXiv:2012.08568},
 eprint = {2012.08568},
 journal = {arXiv e-prints},
 keywords = {Astrophysics - Cosmology and Nongalactic Astrophysics},
 month = {December},
 pages = {arXiv:2012.08568},
 primaryclass = {astro-ph.CO},
 title = {{Dark Energy Survey Year 3 Results: Covariance Modelling and its Impact on Parameter Estimation and Quality of Fit}},
 year = {2020}
}

@inproceedings{2016AAS...22831701B,
 adsnote = {Provided by the SAO/NASA Astrophysics Data System},
 adsurl = {https://ui.adsabs.harvard.edu/abs/2016AAS...22831701B},
 author = {{Blum}, Robert D. and {Burleigh}, Kaylan and {Dey}, Arjun and {Schlegel}, David J. and {Meisner}, Aaron M. and {Levi}, Michael and {Myers}, Adam D. and {Lang}, Dustin and {Moustakas}, John and {Patej}, Anna and {Valdes}, Francisco and {Kneib}, Jean-Paul and {Huanyuan}, Shan and {Nord}, Brian and {Olsen}, Knut A. and {Delubac}, Timoth{\'e}e and {Saha}, Abi and {James}, David and {Walker}, Alistair R. and {DECaLS Team}},
 booktitle = {American Astronomical Society Meeting Abstracts \#228},
 eid = {317.01},
 month = {June},
 pages = {317.01},
 series = {American Astronomical Society Meeting Abstracts},
 title = {{The DECam Legacy Survey}},
 volume = {228},
 year = {2016}
}

@inproceedings{2016AAS...22831702S,
 adsnote = {Provided by the SAO/NASA Astrophysics Data System},
 adsurl = {https://ui.adsabs.harvard.edu/abs/2016AAS...22831702S},
 author = {{Silva}, David R. and {Blum}, Robert D. and {Allen}, Lori and {Dey}, Arjun and {Schlegel}, David J. and {Lang}, Dustin and {Moustakas}, John and {Meisner}, Aaron M. and {Valdes}, Francisco and {Patej}, Anna and {Myers}, Adam D. and {Sprayberry}, David and {Saha}, Abi and {Olsen}, Knut A. and {Safonova}, Sasha and {Yang}, Qian and {Burleigh}, Kaylan J. and {MzLS Team}},
 booktitle = {American Astronomical Society Meeting Abstracts \#228},
 eid = {317.02},
 month = {June},
 pages = {317.02},
 series = {American Astronomical Society Meeting Abstracts},
 title = {{The Mayall z-band Legacy Survey}},
 volume = {228},
 year = {2016}
}

@article{2101.11014,
 adsnote = {Provided by the SAO/NASA Astrophysics Data System},
 adsurl = {https://ui.adsabs.harvard.edu/abs/2021arXiv210111014K},
 archiveprefix = {arXiv},
 author = {{Kokron}, Nickolas and {DeRose}, Joseph and {Chen}, Shi-Fan and {White}, Martin and {Wechsler}, Risa H.},
 eid = {arXiv:2101.11014},
 eprint = {2101.11014},
 journal = {arXiv e-prints},
 keywords = {Astrophysics - Cosmology and Nongalactic Astrophysics, Astrophysics - Instrumentation and Methods for Astrophysics},
 month = {January},
 pages = {arXiv:2101.11014},
 primaryclass = {astro-ph.CO},
 title = {{The cosmology dependence of galaxy clustering and lensing from a hybrid $N$-body-perturbation theory model}},
 year = {2021}
}

@article{2102.07701,
 adsnote = {Provided by the SAO/NASA Astrophysics Data System},
 adsurl = {https://ui.adsabs.harvard.edu/abs/2021arXiv210207701Y},
 archiveprefix = {arXiv},
 author = {{Yan}, Ziang and {van Waerbeke}, Ludovic and {Tr{\"o}ster}, Tilman and {Wright}, Angus H. and {Alonso}, David and {Asgari}, Marika and {Bilicki}, Maciej and {Erben}, Thomas and {Gu}, Shiming and {Heymans}, Catherine and {Hildebrandt}, Hendrik and {Hinshaw}, Gary and {Koukoufilippas}, Nick and {Kannawadi}, Arun and {Kuijken}, Konrad and {Mead}, Alexander and {Shan}, HuanYuan},
 eid = {arXiv:2102.07701},
 eprint = {2102.07701},
 journal = {arXiv e-prints},
 keywords = {Astrophysics - Cosmology and Nongalactic Astrophysics},
 month = {February},
 pages = {arXiv:2102.07701},
 primaryclass = {astro-ph.CO},
 title = {{Probing Galaxy Bias and Intergalactic Gas Pressure with KiDS Galaxies-tSZ-CMB Lensing Cross-correlations}},
 year = {2021}
}

@article{2103.09820,
 adsnote = {Provided by the SAO/NASA Astrophysics Data System},
 adsurl = {https://ui.adsabs.harvard.edu/abs/2021arXiv210309820H},
 archiveprefix = {arXiv},
 author = {{Hadzhiyska}, Boryana and {Garc{\'\i}a-Garc{\'\i}a}, Carlos and {Alonso}, David and {Nicola}, Andrina and {Slosar}, An{\v{z}}e},
 eid = {arXiv:2103.09820},
 eprint = {2103.09820},
 journal = {arXiv e-prints},
 keywords = {Astrophysics - Cosmology and Nongalactic Astrophysics},
 month = {March},
 pages = {arXiv:2103.09820},
 primaryclass = {astro-ph.CO},
 title = {{Hefty enhancement of cosmological constraints from the DES Y1 data using a Hybrid Effective Field Theory approach to galaxy bias}},
 year = {2021}
}

@article{2103.15862,
 adsnote = {Provided by the SAO/NASA Astrophysics Data System},
 adsurl = {https://ui.adsabs.harvard.edu/abs/2021arXiv210315862M},
 archiveprefix = {arXiv},
 author = {{Miyatake}, Hironao and {Harikane}, Yuichi and {Ouchi}, Masami and {Ono}, Yoshiaki and {Yamamoto}, Nanaka and {Nishizawa}, Atsushi J. and {Bahcall}, Neta and {Miyazaki}, Satoshi and {Plazas Malag{\'o}n}, Andr{\'e}s A.},
 eid = {arXiv:2103.15862},
 eprint = {2103.15862},
 journal = {arXiv e-prints},
 keywords = {Astrophysics - Cosmology and Nongalactic Astrophysics, Astrophysics - Astrophysics of Galaxies},
 month = {March},
 pages = {arXiv:2103.15862},
 primaryclass = {astro-ph.CO},
 title = {{First Identification of a CMB Lensing Signal Produced by $1.5$ Million Galaxies at $z\sim$4: Constraints on Matter Density Fluctuations at High Redshift}},
 year = {2021}
}

@article{2104.14568,
 adsnote = {Provided by the SAO/NASA Astrophysics Data System},
 adsurl = {https://ui.adsabs.harvard.edu/abs/2021arXiv210414568A},
 archiveprefix = {arXiv},
 author = {{Aric{\`o}}, Giovanni and {Angulo}, Raul E. and {Zennaro}, Matteo},
 eid = {arXiv:2104.14568},
 eprint = {2104.14568},
 journal = {arXiv e-prints},
 keywords = {Astrophysics - Cosmology and Nongalactic Astrophysics},
 month = {April},
 pages = {arXiv:2104.14568},
 primaryclass = {astro-ph.CO},
 title = {{Accelerating Large-Scale-Structure data analyses by emulating Boltzmann solvers and Lagrangian Perturbation Theory}},
 year = {2021}
}

@article{2105.02256,
 adsnote = {Provided by the SAO/NASA Astrophysics Data System},
 adsurl = {https://ui.adsabs.harvard.edu/abs/2021arXiv210502256M},
 archiveprefix = {arXiv},
 author = {{Mootoovaloo}, Arrykrishna and {Jaffe}, Andrew H. and {Heavens}, Alan F. and {Leclercq}, Florent},
 eid = {arXiv:2105.02256},
 eprint = {2105.02256},
 journal = {arXiv e-prints},
 keywords = {Astrophysics - Cosmology and Nongalactic Astrophysics},
 month = {May},
 pages = {arXiv:2105.02256},
 primaryclass = {astro-ph.CO},
 title = {{Kernel-Based Emulator for the 3D Matter Power Spectrum from CLASS}},
 year = {2021}
}

@article{2105.03421,
 adsnote = {Provided by the SAO/NASA Astrophysics Data System},
 adsurl = {https://ui.adsabs.harvard.edu/abs/2021arXiv210503421K},
 archiveprefix = {arXiv},
 author = {{Krolewski}, Alex and {Ferraro}, Simone and {White}, Martin},
 eid = {arXiv:2105.03421},
 eprint = {2105.03421},
 journal = {arXiv e-prints},
 keywords = {Astrophysics - Cosmology and Nongalactic Astrophysics},
 month = {May},
 pages = {arXiv:2105.03421},
 primaryclass = {astro-ph.CO},
 title = {{Cosmological constraints from unWISE and Planck CMB lensing tomography}},
 year = {2021}
}

@article{2105.05185,
 adsnote = {Provided by the SAO/NASA Astrophysics Data System},
 adsurl = {https://ui.adsabs.harvard.edu/abs/2021arXiv210505185S},
 archiveprefix = {arXiv},
 author = {{Stahl}, Benjamin E. and {de Jaeger}, Thomas and {Boruah}, Supranta S. and {Zheng}, WeiKang and {Filippenko}, Alexei V. and {Hudson}, Michael J.},
 eid = {arXiv:2105.05185},
 eprint = {2105.05185},
 journal = {arXiv e-prints},
 keywords = {Astrophysics - Cosmology and Nongalactic Astrophysics, Astrophysics - High Energy Astrophysical Phenomena, Astrophysics - Instrumentation and Methods for Astrophysics},
 month = {May},
 pages = {arXiv:2105.05185},
 primaryclass = {astro-ph.CO},
 title = {{Peculiar-velocity cosmology with Types Ia and II supernovae}},
 year = {2021}
}

@article{2105.09545,
 adsnote = {Provided by the SAO/NASA Astrophysics Data System},
 adsurl = {https://ui.adsabs.harvard.edu/abs/2021arXiv210509545R},
 archiveprefix = {arXiv},
 author = {{Ruiz-Zapatero}, J. and {St{\"o}lzner}, Benjamin and {Joachimi}, Benjamin and {Asgari}, Marika and {Bilicki}, Maciej and {Dvornik}, Andrej and {Giblin}, Benjamin and {Heymans}, Catherine and {Hildebrandt}, Hendrik and {Kannawadi}, Arun and {Kuijken}, Konrad and {TilmanTr{\"o}ster} and {van den Busch}, Jan Luca and {Wright}, Angus H.},
 eid = {arXiv:2105.09545},
 eprint = {2105.09545},
 journal = {arXiv e-prints},
 keywords = {Astrophysics - Cosmology and Nongalactic Astrophysics},
 month = {May},
 pages = {arXiv:2105.09545},
 primaryclass = {astro-ph.CO},
 title = {{Geometry vs growth: Internal consistency of the flat $\Lambda$CDM model with KiDS-1000}},
 year = {2021}
}

@article{astro-ph/0105302,
 adsnote = {Provided by the SAO/NASA Astrophysics Data System},
 adsurl = {https://ui.adsabs.harvard.edu/abs/2002ApJ...567....2H},
 archiveprefix = {arXiv},
 author = {{Hivon}, Eric and {G{\'o}rski}, Krzysztof M. and {Netterfield}, C. Barth and {Crill}, Brendan P. and {Prunet}, Simon and {Hansen}, Frode},
 doi = {10.1086/338126},
 eprint = {astro-ph/0105302},
 journal = {\apj},
 keywords = {Cosmology: Cosmic Microwave Background, Methods: Statistical, Astrophysics},
 month = {March},
 number = {1},
 pages = {2-17},
 primaryclass = {astro-ph},
 title = {{MASTER of the Cosmic Microwave Background Anisotropy Power Spectrum: A Fast Method for Statistical Analysis of Large and Complex Cosmic Microwave Background Data Sets}},
 volume = {567},
 year = {2002}
}

@article{astro-ph/0202358,
 adsnote = {Provided by the SAO/NASA Astrophysics Data System},
 adsurl = {https://ui.adsabs.harvard.edu/abs/2002ApJ...575..617Z},
 archiveprefix = {arXiv},
 author = {{Zheng}, Zheng and {Tinker}, Jeremy L. and {Weinberg}, David H. and {Berlind}, Andreas A.},
 doi = {10.1086/341434},
 eprint = {astro-ph/0202358},
 journal = {\apj},
 keywords = {Cosmology: Theory, Cosmology: Dark Matter, Galaxies: Formation, Galaxies: Halos, Cosmology: Large-Scale Structure of Universe, Astrophysics},
 month = {August},
 number = {2},
 pages = {617-633},
 primaryclass = {astro-ph},
 title = {{Do Distinct Cosmological Models Predict Degenerate Halo Populations?}},
 volume = {575},
 year = {2002}
}

@article{astro-ph/0301031,
 adsnote = {Provided by the SAO/NASA Astrophysics Data System},
 adsurl = {https://ui.adsabs.harvard.edu/abs/2003PhRvD..67h3002O},
 archiveprefix = {arXiv},
 author = {{Okamoto}, Takemi and {Hu}, Wayne},
 doi = {10.1103/PhysRevD.67.083002},
 eid = {083002},
 eprint = {astro-ph/0301031},
 journal = {\prd},
 keywords = {98.70.Vc, Background radiations, Astrophysics},
 month = {April},
 number = {8},
 pages = {083002},
 primaryclass = {astro-ph},
 title = {{Cosmic microwave background lensing reconstruction on the full sky}},
 volume = {67},
 year = {2003}
}

@article{astro-ph/0307515,
 adsnote = {Provided by the SAO/NASA Astrophysics Data System},
 adsurl = {https://ui.adsabs.harvard.edu/abs/2004MNRAS.349..603E},
 archiveprefix = {arXiv},
 author = {{Efstathiou}, G.},
 doi = {10.1111/j.1365-2966.2004.07530.x},
 eprint = {astro-ph/0307515},
 journal = {\mnras},
 keywords = {methods: data analysis, methods: statistical, cosmic microwave background, large-scale structure of Universe, Astrophysics},
 month = {April},
 number = {2},
 pages = {603-626},
 primaryclass = {astro-ph},
 title = {{Myths and truths concerning estimation of power spectra: the case for a hybrid estimator}},
 volume = {349},
 year = {2004}
}

@article{astro-ph/0406275,
 adsnote = {Provided by the SAO/NASA Astrophysics Data System},
 adsurl = {https://ui.adsabs.harvard.edu/abs/2004PhRvD..70f3526H},
 archiveprefix = {arXiv},
 author = {{Hirata}, Christopher M. and {Seljak}, Uro{\v{s}}},
 doi = {10.1103/PhysRevD.70.063526},
 eid = {063526},
 eprint = {astro-ph/0406275},
 journal = {\prd},
 keywords = {98.80.Es, 98.62.Gq, 98.62.Sb, Observational cosmology, Galactic halos, Gravitational lenses and luminous arcs, Astrophysics},
 month = {September},
 number = {6},
 pages = {063526},
 primaryclass = {astro-ph},
 title = {{Intrinsic alignment-lensing interference as a contaminant of cosmic shear}},
 volume = {70},
 year = {2004}
}

@article{astro-ph/0409513,
 adsnote = {Provided by the SAO/NASA Astrophysics Data System},
 adsurl = {https://ui.adsabs.harvard.edu/abs/2005ApJ...622..759G},
 archiveprefix = {arXiv},
 author = {{G{\'o}rski}, K.~M. and {Hivon}, E. and {Banday}, A.~J. and {Wandelt}, B.~D. and {Hansen}, F.~K. and {Reinecke}, M. and {Bartelmann}, M.},
 doi = {10.1086/427976},
 eprint = {astro-ph/0409513},
 journal = {\apj},
 keywords = {Cosmology: Cosmic Microwave Background, Cosmology: Observations, Methods: Statistical, Astrophysics},
 month = {April},
 number = {2},
 pages = {759-771},
 primaryclass = {astro-ph},
 title = {{HEALPix: A Framework for High-Resolution Discretization and Fast Analysis of Data Distributed on the Sphere}},
 volume = {622},
 year = {2005}
}

@article{astro-ph/0504510,
 adsnote = {Provided by the SAO/NASA Astrophysics Data System},
 adsurl = {https://ui.adsabs.harvard.edu/abs/2005ApJ...633..589S},
 archiveprefix = {arXiv},
 author = {{Scranton}, Ryan and {M{\'e}nard}, Brice and {Richards}, Gordon T. and {Nichol}, Robert C. and {Myers}, Adam D. and {Jain}, Bhuvnesh and {Gray}, Alex and {Bartelmann}, Matthias and {Brunner}, Robert J. and {Connolly}, Andrew J. and {Gunn}, James E. and {Sheth}, Ravi K. and {Bahcall}, Neta A. and {Brinkman}, John and {Loveday}, Jon and {Schneider}, Donald P. and {Thakar}, Aniruddha and {York}, Donald G.},
 doi = {10.1086/431358},
 eprint = {astro-ph/0504510},
 journal = {\apj},
 keywords = {Cosmology: Observations, Galaxies: General, Cosmology: Gravitational Lensing, Cosmology: Large-Scale Structure of Universe, Galaxies: Quasars: General, Astrophysics},
 month = {November},
 number = {2},
 pages = {589-602},
 primaryclass = {astro-ph},
 title = {{Detection of Cosmic Magnification with the Sloan Digital Sky Survey}},
 volume = {633},
 year = {2005}
}

@article{astro-ph/0505565,
 adsnote = {Provided by the SAO/NASA Astrophysics Data System},
 adsurl = {https://ui.adsabs.harvard.edu/abs/2006MNRAS.366..547M},
 archiveprefix = {arXiv},
 author = {{McDonald}, Patrick and {Trac}, Hy and {Contaldi}, Carlo},
 doi = {10.1111/j.1365-2966.2005.09881.x},
 eprint = {astro-ph/0505565},
 journal = {\mnras},
 keywords = {equation of state, methods: N-body simulations, cosmological parameters, cosmology: theory, dark matter, large-scale structure of Universe, Astrophysics},
 month = {February},
 number = {2},
 pages = {547-556},
 primaryclass = {astro-ph},
 title = {{Dependence of the non-linear mass power spectrum on the equationof state of dark energy}},
 volume = {366},
 year = {2006}
}

@article{astro-ph/0510346,
 adsnote = {Provided by the SAO/NASA Astrophysics Data System},
 adsurl = {https://ui.adsabs.harvard.edu/abs/2005astro.ph.10346T},
 archiveprefix = {arXiv},
 author = {{The Dark Energy Survey Collaboration}},
 eid = {astro-ph/0510346},
 eprint = {astro-ph/0510346},
 journal = {arXiv e-prints},
 keywords = {Astrophysics},
 month = {October},
 pages = {astro-ph/0510346},
 primaryclass = {astro-ph},
 title = {{The Dark Energy Survey}},
 year = {2005}
}

@article{astro-ph/0601594,
 adsnote = {Provided by the SAO/NASA Astrophysics Data System},
 adsurl = {https://ui.adsabs.harvard.edu/abs/2006PhR...429....1L},
 archiveprefix = {arXiv},
 author = {{Lewis}, Antony and {Challinor}, Anthony},
 doi = {10.1016/j.physrep.2006.03.002},
 eprint = {astro-ph/0601594},
 journal = {\physrep},
 keywords = {Astrophysics, General Relativity and Quantum Cosmology, High Energy Physics - Phenomenology},
 month = {June},
 number = {1},
 pages = {1-65},
 primaryclass = {astro-ph},
 title = {{Weak gravitational lensing of the CMB}},
 volume = {429},
 year = {2006}
}

@article{astro-ph/0605262,
 adsnote = {Provided by the SAO/NASA Astrophysics Data System},
 adsurl = {https://ui.adsabs.harvard.edu/abs/2006AJ....132..926C},
 archiveprefix = {arXiv},
 author = {{Coe}, Dan and {Ben{\'\i}tez}, Narciso and {S{\'a}nchez}, Sebasti{\'a}n F. and {Jee}, Myungkook and {Bouwens}, Rychard and {Ford}, Holland},
 doi = {10.1086/505530},
 eprint = {astro-ph/0605262},
 journal = {\aj},
 keywords = {Cosmology: Observations, Galaxies: Distances and Redshifts, Galaxies: Evolution, Galaxies: Photometry, Galaxies: Statistics, Galaxies: Structure, Astrophysics},
 month = {August},
 number = {2},
 pages = {926-959},
 primaryclass = {astro-ph},
 title = {{Galaxies in the Hubble Ultra Deep Field. I. Detection, Multiband Photometry, Photometric Redshifts, and Morphology}},
 volume = {132},
 year = {2006}
}

@article{astro-ph/0610213,
 adsnote = {Provided by the SAO/NASA Astrophysics Data System},
 adsurl = {https://ui.adsabs.harvard.edu/abs/2007ApJ...665..887M},
 archiveprefix = {arXiv},
 author = {{Ma}, Zhaoming},
 doi = {10.1086/519440},
 eprint = {astro-ph/0610213},
 journal = {\apj},
 keywords = {Cosmology: Large-Scale Structure of Universe, Astrophysics},
 month = {August},
 number = {2},
 pages = {887-898},
 primaryclass = {astro-ph},
 title = {{The Nonlinear Matter Power Spectrum}},
 volume = {665},
 year = {2007}
}

@article{astro-ph/9705121,
 adsnote = {Provided by the SAO/NASA Astrophysics Data System},
 adsurl = {https://ui.adsabs.harvard.edu/abs/1998MNRAS.294..457N},
 archiveprefix = {arXiv},
 author = {{Nusser}, Adi and {Colberg}, Joerg M.},
 doi = {10.1046/j.1365-8711.1998.01218.x},
 eprint = {astro-ph/9705121},
 journal = {\mnras},
 keywords = {Gravitational Collapse, Equations Of Motion, Space Density, Dark Matter, Many Body Problem, Particle Motion, Astronomical Models, Universe, Particle Size Distribution, Astrophysics, COSMOLOGY: THEORY, DARK MATTER, LARGE-SCALE STRUCTURE OF UNIVERSE, Astrophysics},
 month = {March},
 number = {3},
 pages = {457-464},
 primaryclass = {astro-ph},
 title = {{The Omega dependence in equations of motion}},
 volume = {294},
 year = {1998}
}

@article{astro-ph/9710327,
 adsnote = {Provided by the SAO/NASA Astrophysics Data System},
 adsurl = {https://ui.adsabs.harvard.edu/abs/1998ApJ...500..525S},
 archiveprefix = {arXiv},
 author = {{Schlegel}, David J. and {Finkbeiner}, Douglas P. and {Davis}, Marc},
 doi = {10.1086/305772},
 eprint = {astro-ph/9710327},
 journal = {\apj},
 keywords = {COSMOLOGY: DIFFUSE RADIATION, COSMOLOGY: COSMIC MICROWAVE BACKGROUND, ISM: DUST, EXTINCTION, INTERPLANETARY MEDIUM, INFRARED: ISM: CONTINUUM, Cosmology: Cosmic Microwave Background, Cosmology: Diffuse Radiation, ISM: Dust, Extinction, Infrared: ISM: Continuum, Interplanetary Medium, Astrophysics},
 month = {June},
 number = {2},
 pages = {525-553},
 primaryclass = {astro-ph},
 title = {{Maps of Dust Infrared Emission for Use in Estimation of Reddening and Cosmic Microwave Background Radiation Foregrounds}},
 volume = {500},
 year = {1998}
}

@article{astro-ph/9810257,
 adsnote = {Provided by the SAO/NASA Astrophysics Data System},
 adsurl = {https://ui.adsabs.harvard.edu/abs/1999PhRvD..59l3507Z},
 archiveprefix = {arXiv},
 author = {{Zaldarriaga}, Matias and {Seljak}, Uro{\v{s}}},
 doi = {10.1103/PhysRevD.59.123507},
 eid = {123507},
 eprint = {astro-ph/9810257},
 journal = {\prd},
 keywords = {98.80.Es, 98.35.Ce, 98.70.Vc, Observational cosmology, Mass and mass distribution, Background radiations, Astrophysics},
 month = {June},
 number = {12},
 pages = {123507},
 primaryclass = {astro-ph},
 title = {{Reconstructing projected matter density power spectrum from cosmic microwave background}},
 volume = {59},
 year = {1999}
}

@article{astro-ph/9911177,
 adsnote = {Provided by the SAO/NASA Astrophysics Data System},
 adsurl = {https://ui.adsabs.harvard.edu/abs/2000ApJ...538..473L},
 archiveprefix = {arXiv},
 author = {{Lewis}, Antony and {Challinor}, Anthony and {Lasenby}, Anthony},
 doi = {10.1086/309179},
 eprint = {astro-ph/9911177},
 journal = {\apj},
 keywords = {Cosmology: Cosmic Microwave Background, Cosmology: Theory, Astrophysics},
 month = {August},
 number = {2},
 pages = {473-476},
 primaryclass = {astro-ph},
 title = {{Efficient Computation of Cosmic Microwave Background Anisotropies in Closed Friedmann-Robertson-Walker Models}},
 volume = {538},
 year = {2000}
}

@article{astro-ph/9912508,
 adsnote = {Provided by the SAO/NASA Astrophysics Data System},
 adsurl = {https://ui.adsabs.harvard.edu/abs/2001PhR...340..291B},
 archiveprefix = {arXiv},
 author = {{Bartelmann}, M. and {Schneider}, P.},
 doi = {10.1016/S0370-1573(00)00082-X},
 eprint = {astro-ph/9912508},
 journal = {\physrep},
 keywords = {Astrophysics},
 month = {January},
 number = {4-5},
 pages = {291-472},
 primaryclass = {astro-ph},
 title = {{Weak gravitational lensing}},
 volume = {340},
 year = {2001}
}

