@inproceedings{tanaka2018joint,
  title={Joint optimization framework for learning with noisy labels},
  author={Tanaka, Daiki and Ikami, Daiki and Yamasaki, Toshihiko and Aizawa, Kiyoharu},
  booktitle={CVPR},
  pages={5552--5560},
  year={2018}
}

@inproceedings{radosavovic2018data,
  title={Data distillation: Towards omni-supervised learning},
  author={Radosavovic, Ilija and Doll{\'a}r, Piotr and Girshick, Ross and Gkioxari, Georgia and He, Kaiming},
  booktitle={CVPR},
  pages={4119--4128},
  year={2018}
}

@inproceedings{deng2009imagenet,
	title={Imagenet: A large-scale hierarchical image database},
	author={Deng, Jia and Dong, Wei and Socher, Richard and Li, Li-Jia and Li, Kai and Fei-Fei, Li},
	booktitle={CVPR},
	pages={248--255},
	year={2009},
}

@inproceedings{he2016deep,
	title={Deep residual learning for image recognition},
	author={He, Kaiming and Zhang, Xiangyu and Ren, Shaoqing and Sun, Jian},
	booktitle={CVPR},
	pages={770--778},
	year={2016}
}


@article{yalniz2019billion,
	title={Billion-scale semi-supervised learning for image classification},
	author={Yalniz, I Zeki and J{\'e}gou, Herv{\'e} and Chen, Kan and Paluri, Manohar and Mahajan, Dhruv},
	journal={arXiv preprint arXiv:1905.00546},
	year={2019}
}


@inproceedings{han2018co,
	title={Co-teaching: Robust training of deep neural networks with extremely noisy labels},
	author={Han, Bo and Yao, Quanming and Yu, Xingrui and Niu, Gang and Xu, Miao and Hu, Weihua and Tsang, Ivor and Sugiyama, Masashi},
	booktitle={NIPS},
	pages={8527--8537},
	year={2018}
}

@inproceedings{li2017learning,
	title={Learning from noisy labels with distillation},
	author={Li, Yuncheng and Yang, Jianchao and Song, Yale and Cao, Liangliang and Luo, Jiebo and Li, Li-Jia},
	booktitle={ICCV},
	pages={1910--1918},
	year={2017}
}

@inproceedings{he2019bag,
	title={Bag of tricks for image classification with convolutional neural networks},
	author={He, Tong and Zhang, Zhi and Zhang, Hang and Zhang, Zhongyue and Xie, Junyuan and Li, Mu},
	booktitle={CVPR},
	pages={558--567},
	year={2019}
}

@inproceedings{xiao2015learning,
	title={Learning from massive noisy labeled data for image classification},
	author={Xiao, Tong and Xia, Tian and Yang, Yi and Huang, Chang and Wang, Xiaogang},
	booktitle={CVPR},
	pages={2691--2699},
	year={2015}
}

@inproceedings{veit2017learning,
	title={Learning from noisy large-scale datasets with minimal supervision},
	author={Veit, Andreas and Alldrin, Neil and Chechik, Gal and Krasin, Ivan and Gupta, Abhinav and Belongie, Serge},
	booktitle={CVPR},
	pages={839--847},
	year={2017}
}

@article{frenay2013classification,
	title={Classification in the presence of label noise: a survey},
	author={Fr{\'e}nay, Beno{\^\i}t and Verleysen, Michel},
	journal={IEEE Transactions on Neural Networks and Learning Systems},
	volume={25},
	number={5},
	pages={845--869},
	year={2013},
	publisher={IEEE}
}

@article{sukhbaatar2014training,
	title={Training convolutional networks with noisy labels},
	author={Sukhbaatar, Sainbayar and Bruna, Joan and Paluri, Manohar and Bourdev, Lubomir and Fergus, Rob},
	journal={arXiv preprint arXiv:1406.2080},
	year={2014}
}

@article{cubuk2018autoaugment,
	title={Autoaugment: Learning augmentation policies from data},
	author={Cubuk, Ekin D and Zoph, Barret and Mane, Dandelion and Vasudevan, Vijay and Le, Quoc V},
	journal={arXiv preprint arXiv:1805.09501},
	year={2018}
}


@article{sukhbaatar2014learning,
	title={Learning from noisy labels with deep neural networks},
	author={Sukhbaatar, Sainbayar and Fergus, Rob},
	journal={arXiv preprint arXiv:1406.2080},
	volume={2},
	number={3},
	pages={4},
	year={2014},
	publisher={Citeseer}
}

@inproceedings{natarajan2013learning,
	title={Learning with noisy labels},
	author={Natarajan, Nagarajan and Dhillon, Inderjit S and Ravikumar, Pradeep K and Tewari, Ambuj},
	booktitle={NIPS},
	pages={1196--1204},
	year={2013}
}

@inproceedings{ding2018semi,
	title={A semi-supervised two-stage approach to learning from noisy labels},
	author={Ding, Yifan and Wang, Liqiang and Fan, Deliang and Gong, Boqing},
	booktitle={WACV},
	pages={1215--1224},
	year={2018},
	organization={IEEE}
}


@inproceedings{jiang2018mentornet,
  title={Mentornet: Learning data-driven curriculum for very deep neural networks on corrupted labels},
  author={Jiang, Lu and Zhou, Zhengyuan and Leung, Thomas and Li, Li-Jia and Fei-Fei, Li},
  booktitle={ICML},
  pages={2304--2313},
  year={2018}
}

@inproceedings{sun2014deep,
  title={Deep learning face representation from predicting 10,000 classes},
  author={Sun, Yi and Wang, Xiaogang and Tang, Xiaoou},
  booktitle={CVPR},
  pages={1891--1898},
  year={2014}
}


@inproceedings{lee2018cleannet,
	title={Cleannet: Transfer learning for scalable image classifier training with label noise},
	author={Lee, Kuang-Huei and He, Xiaodong and Zhang, Lei and Yang, Linjun},
	booktitle={CVPR},
	pages={5447--5456},
	year={2018}
}

@article{hendrycks2020augmix,
  title={{AugMix}: A Simple Data Processing Method to Improve Robustness and Uncertainty},
  author={Hendrycks, Dan and Mu, Norman and Cubuk, Ekin D. and Zoph, Barret and Gilmer, Justin and Lakshminarayanan, Balaji},
  journal={ICLR},
  year={2020}
}

@inproceedings{han2019deep,
  title={Deep self-learning from noisy labels},
  author={Han, Jiangfan and Luo, Ping and Wang, Xiaogang},
  booktitle={ICCV},
  pages={5138--5147},
  year={2019}
}


@inproceedings{shah2019inferring,
	title={Inferring Context from Pixels for Multimodal Image Classification},
	author={Shah, Manan and Viswanathan, Krishnamurthy and Lu, Chun-Ta and Fuxman, Ariel and Li, Zhen and Timofeev, Aleksei and Jia, Chao and Sun, Chen},
	booktitle={CIKM},
	pages={189--198},
	year={2019},
	organization={ACM}
}
@inproceedings{guo2018curriculumnet,
	title={Curriculumnet: Weakly supervised learning from large-scale web images},
	author={Guo, Sheng and Huang, Weilin and Zhang, Haozhi and Zhuang, Chenfan and Dong, Dengke and Scott, Matthew R and Huang, Dinglong},
	booktitle={ECCV},
	pages={135--150},
	year={2018},
	organization={Springer}
}

@article{gal2016uncertainty,
  title={Uncertainty in deep learning},
  author={Gal, Yarin},
  journal={University of Cambridge},
  volume={1},
  pages={3},
  year={2016}
} 

@article{zhang2018mixup,
    title={mixup: Beyond Empirical Risk Minimization},
    author={Hongyi Zhang and Moustapha Cisse and Yann N. Dauphin and David Lopez-Paz},
    journal={ICLR},
    year={2018}
}

@inproceedings{thulasidasan2019mixup,
  title={On mixup training: Improved calibration and predictive uncertainty for deep neural networks},
  author={Thulasidasan, Sunil and Chennupati, Gopinath and Bilmes, Jeff A and Bhattacharya, Tanmoy and Michalak, Sarah},
  booktitle={NeurIPS},
  pages={13888--13899},
  year={2019}
}

@inproceedings{berthelot2019mixmatch,
	title={Mixmatch: A holistic approach to semi-supervised learning},
	author={Berthelot, David and Carlini, Nicholas and Goodfellow, Ian and Papernot, Nicolas and Oliver, Avital and Raffel, Colin},
	booktitle={NeurIPS},
	year={2019}
}


@inproceedings{jindal2016learning,
  title={Learning deep networks from noisy labels with dropout regularization},
  author={Jindal, Ishan and Nokleby, Matthew and Chen, Xuewen},
  booktitle={ICDM},
  pages={967--972},
  year={2016},
  organization={IEEE}
}

@inproceedings{reed2014bootstrap,
  title={Training deep neural networks on noisy labels with bootstrapping},
  author={Reed, Scott and Lee, Honglak and Anguelov, Dragomir and Szegedy, Christian and Erhan, Dumitru and Rabinovich, Andrew},
  booktitle={ICLR},
  year={2015}
}

@article{xie2019unsupervised,
  title={Unsupervised Data Augmentation for Consistency Training},
  author={Xie, Qizhe and Dai, Zihang and Hovy, Eduard and Luong, Minh-Thang and Le, Quoc V},
  journal={arXiv preprint arXiv:1904.12848},
  year={2019}
}


@article{arpit2017closer,
  title={A closer look at memorization in deep networks},
  author={Arpit, Devansh and Jastrz{\k{e}}bski, Stanis{\l}aw and Ballas, Nicolas and Krueger, David and Bengio, Emmanuel and Kanwal, Maxinder S and Maharaj, Tegan and Fischer, Asja and Courville, Aaron and Bengio, Yoshua and others},
  journal={arXiv preprint arXiv:1706.05394},
  year={2017}
}


@article{thomee2015yfcc100m,
	title={YFCC100M: The new data in multimedia research},
	author={Thomee, Bart and Shamma, David A and Friedland, Gerald and Elizalde, Benjamin and Ni, Karl and Poland, Douglas and Borth, Damian and Li, Li-Jia},
	journal={arXiv preprint arXiv:1503.01817},
	year={2015}
}

@article{kuznetsova2018open,
	title={The open images dataset v4: Unified image classification, object detection, and visual relationship detection at scale},
	author={Kuznetsova, Alina and Rom, Hassan and Alldrin, Neil and Uijlings, Jasper and Krasin, Ivan and Pont-Tuset, Jordi and Kamali, Shahab and Popov, Stefan and Malloci, Matteo and Duerig, Tom and others},
	journal={arXiv preprint arXiv:1811.00982},
	year={2018}
}


@article{li2017webvision,
	title={Webvision database: Visual learning and understanding from web data},
	author={Li, Wen and Wang, Limin and Li, Wei and Agustsson, Eirikur and Van Gool, Luc},
	journal={arXiv preprint arXiv:1708.02862},
	year={2017}
}

@article{ren2018learning,
	title={Learning to reweight examples for robust deep learning},
	author={Ren, Mengye and Zeng, Wenyuan and Yang, Bin and Urtasun, Raquel},
	journal={arXiv preprint arXiv:1803.09050},
	year={2018}
}

@inproceedings{sun2017revisiting,
	title={Revisiting unreasonable effectiveness of data in deep learning era},
	author={Sun, Chen and Shrivastava, Abhinav and Singh, Saurabh and Gupta, Abhinav},
	booktitle={ICCV},
	pages={843--852},
	year={2017}
}

@inproceedings{mahajan2018exploring,
  title={Exploring the limits of weakly supervised pretraining},
  author={Mahajan, Dhruv and Girshick, Ross and Ramanathan, Vignesh and He, Kaiming and Paluri, Manohar and Li, Yixuan and Bharambe, Ashwin and van der Maaten, Laurens},
  booktitle={ECCV},
  pages={181--196},
  year={2018},
  organization={Springer}
}

@inproceedings{snell2017prototypical,
  title={Prototypical networks for few-shot learning},
  author={Snell, Jake and Swersky, Kevin and Zemel, Richard},
  booktitle={NIPS},
  pages={4077--4087},
  year={2017}
}

@inproceedings{hinton2015distilling,
    title={Distilling the Knowledge in a Neural Network},
    author={Geoffrey Hinton and Oriol Vinyals and Jeffrey Dean},
    year={2015},
    booktitle={NIPS Deep Learning and Representation Learning Workshop}
}


@inproceedings{ghosh2017robust,
	title={Robust loss functions under label noise for deep neural networks},
	author={Ghosh, Aritra and Kumar, Himanshu and Sastry, PS},
	booktitle={AAAI},
	year={2017}
}


@inproceedings{lee2013pseudo,
	title={Pseudo-label: The simple and efficient semi-supervised learning method for deep neural networks},
	author={Lee, Dong-Hyun},
	booktitle={Workshop on Challenges in Representation Learning, ICML},
	volume={3},
	pages={2},
	year={2013}
}

@inproceedings{bossard2014food,
	title={Food-101--mining discriminative components with random forests},
	author={Bossard, Lukas and Guillaumin, Matthieu and Van Gool, Luc},
	booktitle={ECCV},
	pages={446--461},
	year={2014},
	organization={Springer}
}


@inproceedings{zhang2019metacleaner,
	title={MetaCleaner: Learning to Hallucinate Clean Representations for Noisy-Labeled Visual Recognition},
	author={Zhang, Weihe and Wang, Yali and Qiao, Yu},
	booktitle={CVPR},
	pages={7373--7382},
	year={2019}
}

@article{li2019product,
	title={Product Image Recognition with Guidance Learning and Noisy Supervision},
	author={Li, Qing and Peng, Xiaojiang and Cao, Liangliang and Du, Wenbin and Xing, Hao and Qiao, Yu},
	journal={arXiv preprint arXiv:1907.11384},
	year={2019}
}

@inproceedings{tu2020learning,
  title={Learning from Web Data with Self-Organizing Memory Module},
  author={Tu, Yi and Niu, Li and Chen, Junjie and Cheng, Dawei and Zhang, Liqing},
  booktitle={CVPR},
  pages={12846--12855},
  year={2020}
}

@inproceedings{guo2017calibration,
	title={On calibration of modern neural networks},
	author={Guo, Chuan and Pleiss, Geoff and Sun, Yu and Weinberger, Kilian Q},
	booktitle={ICML},
	pages={1321--1330},
	year={2017},
}

@inproceedings{ovadia2019can,
  title={Can you trust your model's uncertainty? Evaluating predictive uncertainty under dataset shift},
  author={Ovadia, Yaniv and Fertig, Emily and Ren, Jie and Nado, Zachary and Sculley, David and Nowozin, Sebastian and Dillon, Joshua and Lakshminarayanan, Balaji and Snoek, Jasper},
  booktitle={NeurIPS},
  pages={13991--14002},
  year={2019}
}

@inproceedings{gal2016dropout,
	title={Dropout as a bayesian approximation: Representing model uncertainty in deep learning},
	author={Gal, Yarin and Ghahramani, Zoubin},
	booktitle={ICML},
	pages={1050--1059},
	year={2016}
}

@inproceedings{dietterich2000ensemble,
	title={Ensemble methods in machine learning},
	author={Dietterich, Thomas G},
	booktitle={International Workshop on Multiple Classifier Systems},
	pages={1--15},
	year={2000},
	organization={Springer}
}

@article{pereyra2017regularizing,
	title={Regularizing neural networks by penalizing confident output distributions},
	author={Pereyra, Gabriel and Tucker, George and Chorowski, Jan and Kaiser, {\L}ukasz and Hinton, Geoffrey},
	journal={arXiv preprint arXiv:1701.06548},
	year={2017}
}

@inproceedings{szegedy2016rethinking,
	title={Rethinking the inception architecture for computer vision},
	author={Szegedy, Christian and Vanhoucke, Vincent and Ioffe, Sergey and Shlens, Jon and Wojna, Zbigniew},
	booktitle={CVPR},
	pages={2818--2826},
	year={2016}
}

@inproceedings{alexandru2005predicting,
author = {Niculescu-Mizil, Alexandru and Caruana, Rich},
title = {Predicting Good Probabilities with Supervised Learning},
year = {2005},
publisher = {Association for Computing Machinery},
booktitle = {ICML},
pages = {625–632},
numpages = {8},
location = {Bonn, Germany},
}

@techreport{zhu2005semi,
  title={Semi-supervised learning literature survey},
  author={Zhu, Xiaojin Jerry},
  year={2005},
  institution={University of Wisconsin-Madison Department of Computer Sciences}
}

@article{Nguyen_2015,
   title={Posterior calibration and exploratory analysis for natural language processing models},
   journal={Proceedings of the 2015 Conference on Empirical Methods in Natural Language Processing},
   publisher={ACL},
   author={Nguyen, Khanh and O’Connor, Brendan},
   year={2015}
}

@inproceedings{girshick2015fast,
  title={Fast r-cnn},
  author={Girshick, Ross},
  booktitle={ICCV},
  pages={1440--1448},
  year={2015}
}

@inproceedings{wang2018iterative,
  title={Iterative learning with open-set noisy labels},
  author={Wang, Yisen and Liu, Weiyang and Ma, Xingjun and Bailey, James and Zha, Hongyuan and Song, Le and Xia, Shu-Tao},
  booktitle={CVPR},
  pages={8688--8696},
  year={2018}
}

@inproceedings{krizhevsky2012imagenet,
  title={Imagenet classification with deep convolutional neural networks},
  author={Krizhevsky, Alex and Sutskever, Ilya and Hinton, Geoffrey E},
  booktitle={NIPS},
  pages={1097--1105},
  year={2012}
}

@article{zhou2017places,
  title={Places: A 10 million Image Database for Scene Recognition},
  author={Zhou, Bolei and Lapedriza, Agata and Khosla, Aditya and Oliva, Aude and Torralba, Antonio},
  journal={TPAMI},
  year={2017},
  publisher={IEEE}
}

@inproceedings{muller2019does,
  title={When does label smoothing help?},
  author={M{\"u}ller, Rafael and Kornblith, Simon and Hinton, Geoffrey E},
  booktitle={NeurIPS},
  pages={4694--4703},
  year={2019}
}

@inproceedings{lakshminarayanan2017simple,
  title={Simple and scalable predictive uncertainty estimation using deep ensembles},
  author={Lakshminarayanan, Balaji and Pritzel, Alexander and Blundell, Charles},
  booktitle={NIPS},
  pages={6402--6413},
  year={2017}
}

@inproceedings{caruana2015intelligible,
  title={Intelligible models for healthcare: Predicting pneumonia risk and hospital 30-day readmission},
  author={Caruana, Rich and Lou, Yin and Gehrke, Johannes and Koch, Paul and Sturm, Marc and Elhadad, Noemie},
  booktitle={SIGKDD},
  pages={1721--1730},
  year={2015}
}

@article{paden2016survey,
  title={A survey of motion planning and control techniques for self-driving urban vehicles},
  author={Paden, Brian and {\v{C}}{\'a}p, Michal and Yong, Sze Zheng and Yershov, Dmitry and Frazzoli, Emilio},
  journal={IEEE Transactions on intelligent vehicles},
  volume={1},
  number={1},
  pages={33--55},
  year={2016},
  publisher={IEEE}
}

@inproceedings{patrini2017making,
  title={Making deep neural networks robust to label noise: A loss correction approach},
  author={Patrini, Giorgio and Rozza, Alessandro and Krishna Menon, Aditya and Nock, Richard and Qu, Lizhen},
  booktitle={CVPR},
  pages={1944--1952},
  year={2017}
}

@inproceedings{yu2018efficient,
  title={An efficient and provable approach for mixture proportion estimation using linear independence assumption},
  author={Yu, Xiyu and Liu, Tongliang and Gong, Mingming and Batmanghelich, Kayhan and Tao, Dacheng},
  booktitle={CVPR},
  pages={4480--4489},
  year={2018}
}

@inproceedings{xia2019anchor,
  title={Are Anchor Points Really Indispensable in Label-Noise Learning?},
  author={Xia, Xiaobo and Liu, Tongliang and Wang, Nannan and Han, Bo and Gong, Chen and Niu, Gang and Sugiyama, Masashi},
  booktitle={NeurIPS},
  pages={6838--6849},
  year={2019}
}

@inproceedings{kipf2016gcn,
  title={Semi-supervised classification with graph convolutional networks},
  author={Kipf, Thomas N and Welling, Max},
  booktitle={ICLR},
  year={2017}
}

@article{hammond2011wavelets,
  title={Wavelets on graphs via spectral graph theory},
  author={Hammond, David K and Vandergheynst, Pierre and Gribonval, R{\'e}mi},
  journal={Applied and Computational Harmonic Analysis},
  volume={30},
  number={2},
  pages={129--150},
  year={2011},
  publisher={Elsevier}
}
