@book{GoBeCo16,
  title={{Deep Learning}},
  author={Goodfellow, I. and Bengio, Y. and Courville, A.},
  publisher={MIT Press},
  year={2016}
}

@Article{SiHuMaGuSiVaScAnPaLaDi16,
  Author                   = {Silver, D. and Huang, A. and Maddison, C. and Guez, A. and Sifre, L. and Van Den Driessche, G. and Schrittwieser, J. and Antonoglou, I. and Panneershelvam, V. and Lanctot, M. and Dieleman, S.},
  Title                    = {{Mastering the Game of Go with Deep Neural Networks and Tree Search}},
  Journal                  = {Nature},
  Year                     = {2016},
  Pages                    = {484--489},
  Volume                   = {529},
  Number                   = {7587},
}

@Misc{BoDeDwFiFlGoJaMoMuZhZhZhZi16,
  Title = {{End to End Learning for Self-Driving Cars}},
  Author = {Bojarski, M. and Del Testa, D. and Dworakowski, D. and Firner, B. and Flepp, B. and
            Goyal, P. and Jackel, L. and Monfort, M. and Muller, U. and Zhang, J. and Zhang, X. and
            Zhao, J. and Zieba, K.},
  Note = {Technical Report. \url{http://arxiv.org/abs/1604.07316}},
  Year = {2016}
}

@Misc{liebenwein2021lost,
  Title = {{Lost in Pruning: The Effects of Pruning Neural Networks beyond Test Accuracy}},
  Author = {Liebenwein, L. and Baykal, C. and Carter, B. and Gifford, D. and Rus, D.},
  Note = {Technical Report. \url{https://arxiv.org/abs/2103.03014}},
  Year = {2021}
}

@InProceedings{JuLoBrOwKo16,
  Title = {{Policy Compression for Aircraft Collision Avoidance Systems}},
  Author = {Julian, K. and Lopez, J. and Brush, J. and Owen, M. and Kochenderfer, M.},
  Booktitle = {Proc. 35th Digital Avionics Systems Conf. (DASC)},
  Year = {2016},
  Pages = {1--10},
}

@Misc{SiZi14,
  Title                    = {{Very Deep Convolutional Networks for Large-Scale Image Recognition}},
  Author                   = {Simonyan, K. and Zisserman, A.},
  Note                     = {Technical Report. \url{http://arxiv.org/abs/1409.1556}},
  Year                     = {2014}
}

@InProceedings{GoFeMaBaKa20,
  Title = {{Simplifying Neural Networks using Formal Verification}},
  Author = {Gokulanathan, S. and Feldsher, A. and Malca, A. and Barrett, C. and Katz, G.},
  Booktitle = {Proc. 12th NASA Formal Methods Symposium (NFM)},
  Pages = {85--93},
  Year = {2020},
}

@Misc{HaMaDa15,
  Title                    = {{Deep Compression: Compressing Deep Neural Networks with Pruning, Trained Quantization and Huffman Coding}},
  Author                   = {Han, S. and Mao, H. and Dally, W.},
  Note                     = {Technical Report. \url{http://arxiv.org/abs/1510.00149}},
  Year                     = {2015}
}

@Misc{IaHaMoAsDaKe16,
  Title                    = {{SqueezeNet: AlexNet-level Accuracy with 50x Fewer Parameters and $<$ 0.5MB Model Size}},
  Author                   = {Iandola, F. and Han, S. and Moskewicz, M. and Ashraf, K. and Dally, W. and Keutzer, K.},
  Note                     = {Technical Report. \url{http://arxiv.org/abs/1602.07360}},
  Year                     = {2016}
}

@inproceedings{KaBaDiJuKo17,
  title = {{Reluplex: An Efficient SMT Solver for Verifying Deep Neural Networks}},
  author = {Katz, G. and Barrett, C. and Dill, D. and Julian, K. and Kochenderfer, M.},
  year = {2017},
  booktitle = {Proc. 29th Int. Conf. on Computer Aided Verification (CAV)},
  pages = {97--117}
}

@inproceedings{HuKwWaWu17,
  Title                    = {{Safety Verification of Deep Neural Networks}},
  Author                   = {Huang, X. and Kwiatkowska, M. and Wang, S. and Wu, M.},
  booktitle                = {Proc. 29th Int. Conf. on Computer Aided Verification (CAV)},
  Year                     = {2017},
  Pages                    = {3--29}
}

@inproceedings{GeMiDrTsChVe18,
  Title                    = {{AI2: Safety and Robustness Certification of Neural Networks with Abstract Interpretation}},
  Author                   = {Gehr, T. and Mirman, M. and Drachsler-Cohen, D. and Tsankov, E. and Chaudhuri, S. and Vechev, M.},
  year                     = {2018},
  booktitle                = {Proc. 39th IEEE Symposium on Security and Privacy (S\&P)},
}

@inproceedings{WaPeWhYaJa18,
  Title                    = {{Formal Security Analysis of Neural Networks using Symbolic Intervals}},
  Author                   = {Wang, S. and Pei, K. and Whitehouse, J. and Yang, J. and Jana, S.},
  Booktitle                = {Proc. 27th USENIX Security Symposium},
  Year                     = {2018}
}

@inproceedings{Marabou2019,
  title = {{The Marabou Framework for Verification and Analysis of Deep Neural Networks}},
  author = {Katz, G. and Huang, D. and Ibeling, D. and Julian, K. and Lazarus, C. and Lim, R. and Shah, P. and Thakoor, S. and Wu, H. and Zelji\'c, A. and Dill, D. and Kochenderfer, M. and Barrett, C.},
  year = {2019},
  booktitle = {Proc. 31st Int. Conf. on Computer Aided Verification (CAV)},
  pages = {443--452}
}

@Misc{LiArLaBaKo19,
  Title                    = {{Algorithms for Verifying Deep Neural Networks}},
  Author                   = {Liu, C. and Arnon, T. and Lazarus, C. and Barrett, C. and Kochenderfer, M.},
  Note                     = {Technical Report. \url{http://arxiv.org/abs/1903.06758}},
  Year                     = {2019}
}

@Misc{SzZaSuBrErGoFe13,
  Title                    = {{Intriguing Properties of Neural Networks}},
  Author                   = {Szegedy, C. and Zaremba, W. and Sutskever, I. and Bruna, J. and Erhan, D. and Goodfellow, I. and Fergus, R.},
  Note                     = {Technical Report. \url{http://arxiv.org/abs/1312.6199}},
  Year                     = {2013}
}

@book{Dantzig1963,
  title={{Linear Programming and Extensions}},
  author={Dantzig, G.},
  publisher={Princeton University Press},
  year={1963}
}

@InProceedings{Ehlers2017,
  Title = {{Formal Verification of Piece-Wise Linear Feed-Forward Neural Networks}},
  Author = {Ehlers, R.},
  Booktitle = {Proc. 15th Int. Symp. on Automated Technology for Verification and Analysis (ATVA)},
  pages = {269--286},
  Year = {2017},
}

@Misc{TjXiTe17,
  Title = {{Evaluating Robustness of Neural Networks with Mixed Integer Programming}},
  Author = {Tjeng, V. and Xiao, K. and Tedrake, R.},
  Note = {Technical Report. \url{http://arxiv.org/abs/1711.07356}},
  Year = {2017}
}

@inproceedings{WuOzZeIrJuGoFoKaPaBa20,
  Title = {{Parallelization Techniques for Verifying Neural Networks}},
  Author = {Wu, H. and Ozdemir, A. and Zelji\'c, A. and Irfan, A. and Julian, K. and Gopinath, D. and Fouladi, S. and Katz, G. and P\u{a}s\u{a}reanu, C. and Barrett, C.},
  booktitle = {Proc. 20th Int. Conf. on Formal Methods in Computer-Aided Design (FMCAD)},
  Year = {2020},
  pages = {128--137}
}

@Misc{Gurobi,
  Title = {{The Gurobi MILP Solver}},
  Author = {Gurobi Optimization},
  Note = {\url{https://www.gurobi.com/}},
  Year = {2021}
}

@article{HuCoSoElBe17,
  Title={{Quantized Neural Networks: Training Neural Networks with Low Precision Weights and Activations}},
  Author={Hubara, I. and Courbariaux, M. and Soudry, D. and El-Yaniv, R. and Bengio, Y.},
  journal={Journal of Machine Learning Research},
  volume={18},
  number={1},
  pages={6869--6898},
  year={2017}
}

@inproceedings{RaOrReFa16,
  Title={{XNOR-Net: Imagenet Classification using Binary Convolutional Neural Networks}},
  Author={Rastegari, M. and Ordonez, V. and Redmon, J. and Farhadi, A.},
  Booktitle={Proc. 14th European Conf. on Computer Vision (ECCV)},
  Pages={525--542},
  Year={2016},
}

@inproceedings{HuCoSoElBe16,
  title={{Binarized Neural Networks}},
  Author={Hubara, I. and Courbariaux, M. and Soudry, D. and El-Yaniv, R. and Bengio, Y.},
  Booktitle={Proc. 30th Conf. on Neural Information Processing Systems (NIPS)},
  Pages={4107--4115},
  Year={2016}
}

@Misc{LoMa17,
  Title                    = {{An Approach to Reachability Analysis for Feed-Forward ReLU Neural Networks}},
  Author                   = {Lomuscio, A. and Maganti, L.},
  Note                     = {Technical Report. \url{http://arxiv.org/abs/1706.07351}},
  Year                     = {2017}
}

@inproceedings{Eh17,
  author    = {R{\"{u}}diger Ehlers},
  title     = {{Formal Verification of Piece-Wise Linear Feed-Forward Neural Networks}},
  Booktitle = {Proc. 15th Int. Symp. on Automated Technology for Verification and Analysis (ATVA)},
  pages     = {269--286},
  year      = {2017},
}

@inproceedings{BuTuToKoMu18,
  author    = {Bunel, R. and Turkaslan, I. and Torr, P. and Kohli, P. and Mudigonda, P.},
  title     = {{A Unified View of Piecewise Linear Neural Network Verification}},
  booktitle = {Proc. 32nd Conf. on Neural Information Processing Systems (NeurIPS)},
  pages     = {4795--4804},
  year      = {2018},
}

@Misc{WeZhChSoHsBoDhDa18,
  Title  = {{Towards Fast Computation of Certified Robustness for ReLU Networks}},
  Author = {Weng, T.-W. and Zhang, H. and Chen, H. and Song, Z. and Hsieh, C.-J. and Boning, D. and Dhillon, I. and Daniel, L.},
  Note   = {Technical Report. \url{http://arxiv.org/abs/1804.09699}},
  Year   = {2018}
}

@InProceedings{TrBkJo20,
  Title = {{Verification of Deep Convolutional Neural Networks Using ImageStars}},
  Author = {Tran, H. and Bak, S. and Johnson, T.},
  Booktitle = {Proc. 32nd Int. Conf. on Computer Aided Verification (CAV)},
  Year = {2020},
  pages = {18--42}
}

@InProceedings{ElGoKa20,
  Title = {{An Abstraction-Based Framework for Neural Network Verification}},
  Author = {Elboher, Y. and Gottschlich, J. and Katz, G.},
  Booktitle = {Proc. 32nd Int. Conf. on Computer Aided Verification (CAV)},
  Year = {2020},
  pages = {43--65}
}

@inproceedings{AsHaKrMu20,
  Title = {{DeepAbstract: Neural Network Abstraction for Accelerating Verification}},
  Author = {Ashok, P. and Hashemi, V. and Kretinsky, J. and M\"{u}hlberger, S.},
  booktitle = {Proc. 18th Int. Symposium on Automated Technology for Verification and Analysis (ATVA)},
  Year = {2020},
}

@inproceedings{ZhShGuGuLeNa20,
  author    = {Zhang, H. and Shinn, M. and  Gupta, A. and Gurfinkel, A. and Le, N. and Narodytska, N. },
  title     = {{Verification of Recurrent Neural Networks for Cognitive Tasks via Reachability Analysis}},
  booktitle = {Proc. 24th Conf. of European Conference on Artificial
      Intelligence (ECAI)},
  pages = {1690--1697},
  year      = {2020},
}

@inproceedings{JaBaKa20,
  Title = {{Verifying Recurrent Neural Networks using Invariant Inference}},
  Author = {Jacoby, Y. and Barrett, C. and Katz, G.},
  booktitle = {Proc. 18th Int. Symposium on Automated Technology for Verification and Analysis (ATVA)},
  Year = {2020},
  pages = {57--74}
}

@inproceedings{KoLoJaBl20,
  Title = {{Shield Synthesis for Reinforcement Learning}},
  Author = {K\"{o}nighofer, B. and Lorber, F. and Jansen, N. and Bloem, R.},
  booktitle = {Proc. Int. Symposium On Leveraging Applications of Formal Methods, Verification and Validation (ISoLA)},
  Year = {2020},
  pages = {290--306}
}

@inproceedings{GoAdKeKa20,
  Title = {{Minimal Modifications of Deep Neural Networks using Verification}},
  Author = {Goldberger, B. and Adi, Y. and Keshet, J. and Katz, G.},
  booktitle = {Proc. 23rd Int. Conf. on Logic for Programming, Artificial Intelligence and Reasoning (LPAR)},
  Year = {2020},
  Pages = {260--278}
}

@inproceedings{BaShShiMeSa19,
  Title = {{Quantitative Verification of Neural Networks and its Security Applications}},
  Author = {Baluta, T. and Shen, S. and Shinde, S. and Meel, K. and Saxena, P},
  booktitle = {Proc. ACM SIGSAC Conf. on Computer and Communications Security (CCS)},
  Year = {2019},
  Pages = {1249--1264}
}

@Misc{ourCode,
  Title     = {{Code: Pruning and Slicing Neural Networks using Formal Verification}},
  author    = {Lahav, O. and Katz, G.},
  Note      = {\url{https://github.com/vbcrlf/redy}},
  Year      = {2021}
}

@article{ChMaCh96,
  Title={{Perturb and Simplify: Multilevel Boolean Network Optimizer}},
  Author={Chang, S.-C. and Marek-Sadowska, M. and Cheng, K.-T.},
  journal={IEEE Transactions on Computer-Aided Design of Integrated Circuits and Systems},
  volume={15},
  number={12},
  pages={1494--1504},
  year={1996}
}

@Misc{KuKaGoJuBaKo18,
  Title = {{Toward Scalable Verification for Safety-Critical Deep Networks}},
  Author = {Kuper, L. and Katz, G. and Gottschlich, J. and Julian, K. and Barrett, C. and Kochenderfer, M.},
  Note = {Technical Report. \url{https://arxiv.org/abs/1801.05950}},
  Year = {2018}
}

@InProceedings{KaBaKaSc19,
  Title = {{Verifying Deep-RL-Driven Systems}},
  Author = {Kazak, Y. and Barrett, C. and Katz, G. and Schapira, M.},
  Booktitle = {Proc. 1st ACM SIGCOMM Workshop on Network Meets AI \& ML (NetAI)},
  Year = {2019},
  pages = {83--89},
}

@inproceedings{GoKaPaBa18,
  title = {{DeepSafe: A Data-driven Approach for Assessing Robustness of Neural Networks}},
  author = {Gopinath, D. and Katz, G. and P\v{a}s\v{a}reanu, C. and Barrett, C.},
  year = {2018},
  booktitle = {Proc. 16th. Int. Symposium on on Automated Technology for Verification and Analysis (ATVA)},
  pages = {3--19}
}

@Misc{CaKaBaDi17,
  Title = {{Provably Minimally-Distorted Adversarial Examples}},
  Author = {Carlini, N. and Katz, G. and Barrett, C. and Dill, D.},
  Note = {Technical Report. \url{https://arxiv.org/abs/1709.10207}},
  Year = {2017}
}

@Misc{StWuZeJuKaBaKo20,
  title = {{Global Optimization of Objective Functions Represented by ReLU networks}},
  author = {Strong, C. and Wu, H. and Zelji\'c, A. and Julian, K. and Katz, G. and Barrett, C. and Kochenderfer, M.},
  Note = {Technical Report. \url{http://arxiv.org/abs/2010.03258}},
  year = {2020}
}

@article{KaBaDiJuKo21,
 author = {Katz, G. and Barrett, C. and Dill, D. and Julian, K. and Kochenderfer, M.},
 title = {{Reluplex: a Calculus for Reasoning about Deep Neural Networks}},
 journal = {Formal Methods in System Design (FMSD)},
 note = {To appear},
 year = {2021},
}

@InProceedings{AmScKa21,
  title = {{Towards Scalable Verification of Deep Reinforcement Learning}}, 
  author = {Amir, G. and Schapira, M. and Katz, G.},
  booktitle = {Proc. 21st Int. Conf. on Formal Methods in Computer-Aided Design (FMCAD)},
  Year = {2021},
}

@InProceedings{ElKaKaSc21,
  Title = {{Verifying Deep-RL-Driven Systems}},
  Author = {Eliyahu, T. and Kazak, Y. and Katz, G. and Schapira, M.},
  Booktitle = {Proc. Annual Conf. of the ACM Special Interest Group on
                  Data Communication on the Applications,
                  Technologies, Architectures, and Protocols for
                  Computer Communication (SIGCOMM)},
  Year = {2021},
}

@inproceedings{AmWuBaKa21,
  Title = {{An SMT-Based Approach for Verifying Binarized Neural Networks}},
  Author = {Amir, G. and Wu, H. and Barrett, C. and Katz, G.},
  Booktitle = {Proc. 27th Int. Conf. on Tools and Algorithms for the Construction and Analysis of Systems (TACAS)},
  pages = {203--222},
  Year = {2021}
}

@inproceedings{KaBaDiJuKo17Fvav,
  author    = {Katz, G. and Barrett, C. and Dill, D. and Julian, K. and Kochenderfer, M.},
  title     = {{Towards Proving the Adversarial Robustness of Deep Neural Networks}},
  booktitle = {Proc. 1st Workshop on Formal Verification of Autonomous Vehicles (FVAV)},
  pages     = {19--26},
  year      = {2017},
}
