
% Journals

% First the Full Name is given, then the abbreviation used in the AMS Math
% Reviews, with an indication if it could not be found there.
% Note the 2nd overwrites the 1st, so swap them if you want the full name.

 %{AMS}
 @String{AMSTrans = "American Mathematical Society Translations" }
 @String{AMSTrans = "Amer. Math. Soc. Transl." }
 @String{BullAMS = "Bulletin of the American Mathematical Society" }
 @String{BullAMS = "Bull. Amer. Math. Soc." }
 @String{ProcAMS = "Proceedings of the American Mathematical Society" }
 @String{ProcAMS = "Proc. Amer. Math. Soc." }
 @String{TransAMS = "Transactions of the American Mathematical Society" }
 @String{TransAMS = "Trans. Amer. Math. Soc." }

 %ACM
 @String{CACM = "Communications of the {ACM}" }
 @String{CACM = "Commun. {ACM}" }
 @String{CompServ = "Comput. Surveys" }
 @String{JACM = "J. ACM" }
 @String{ACMMathSoft = "{ACM} Transactions on Mathematical Software" }
 @String{ACMMathSoft = "{ACM} Trans. Math. Software" }
 @String{SIGNUM = "{ACM} {SIGNUM} Newsletter" }
 @String{SIGNUM = "{ACM} {SIGNUM} Newslett." }

 @String{AmerSocio = "American Journal of Sociology" }
 @String{AmerStatAssoc = "Journal of the American Statistical Association" }
 @String{AmerStatAssoc = "J. Amer. Statist. Assoc." }
 @String{ApplMathComp = "Applied Mathematics and Computation" }
 @String{ApplMathComp = "Appl. Math. Comput." }
 @String{AmerMathMonthly = "American Mathematical Monthly" }
 @String{AmerMathMonthly = "Amer. Math. Monthly" }
 @String{BIT = "{BIT}" }
 @String{BritStatPsych = "British Journal of Mathematical and Statistical
          Psychology" }
 @String{BritStatPsych = "Brit. J. Math. Statist. Psych." }
 @String{CanMathBull = "Canadian Mathematical Bulletin" }
 @String{CanMathBull = "Canad. Math. Bull." }
 @String{CompApplMath = "Journal of Computational and Applied Mathematics" }
 @String{CompApplMath = "J. Comput. Appl. Math." }
 @String{CompPhys = "Journal of Computational Physics" }
 @String{CompPhys = "J. Comput. Phys." }
 @String{CompStruct = "Computers and Structures" }
 @String{CompStruct = "Comput. \& Structures" }
 @String{CompJour = "The Computer Journal" }
 @String{CompJour = "Comput. J." }
 @String{CompSysSci = "Journal of Computer and System Sciences" }
 @String{CompSysSci = "J. Comput. System Sci." }
 @String{Computing = "Computing" }
 @String{ContempMath = "Contemporary Mathematics" }
 @String{ContempMath = "Contemp. Math." }
 @String{Crelle = "Crelle's Journal" }
 @String{GiornaleMath = "Giornale di Mathematiche" }
 @String{GiornaleMath = "Giorn. Mat." } % didn't find in AMS MR., ibid.

 %IEEE
 @String{Computer = "{IEEE} Computer" }
 @String{IEEETransComp = "{IEEE} Transactions on Computers" }
 @String{IEEETransComp = "{IEEE} Trans. Comput." }
 @String{IEEETransAC = "{IEEE} Transactions on Automatic Control" }
 @String{IEEETransAC = "{IEEE} Trans. Automat. Control" }
 @String{IEEESpec = "{IEEE} Spectrum" } % didn't find in AMS MR
 @String{ProcIEEE = "Proceedings of the {IEEE}" }
 @String{ProcIEEE = "Proc. {IEEE}" } % didn't find in AMS MR
 @String{IEEETransAeroElec = "{IEEE} Transactions on Aerospace and Electronic
     Systems" }
 @String{IEEETransAeroElec = "{IEEE} Trans. Aerospace Electron. Systems" }

 @String{IMANumerAna = "{IMA} Journal of Numerical Analysis" }
 @String{IMANumerAna = "{IMA} J. Numer. Anal." }
 @String{InfProcLet = "Information Processing Letters" }
 @String{InfProcLet = "Inform. Process. Lett." }
 @String{InstMathApp = "Journal of the Institute of Mathematics and
     its Applications" }
 @String{InstMathApp = "J. Inst. Math. Appl." }
 @String{IntControl = "International Journal of Control" }
 @String{IntControl = "Internat. J. Control" }
 @String{IntNumerEng = "International Journal for Numerical Methods in
     Engineering" }
 @String{IntNumerEng = "Internat. J. Numer. Methods Engrg." }
 @String{IntSuper = "International Journal of Supercomputing Applications" }
 @String{IntSuper = "Internat. J. Supercomputing Applic." } % didn't find
%% in AMS MR
 @String{Kibernetika = "Kibernetika" }
 @String{JResNatBurStand = "Journal of Research of the National Bureau
     of Standards" }
 @String{JResNatBurStand = "J. Res. Nat. Bur. Standards" }
 @String{LinAlgApp = "Linear Algebra and its Applications" }
 @String{LinAlgApp = "Linear Algebra Appl." }
 @String{MathAnaAppl = "Journal of Mathematical Analysis and Applications" }
 @String{MathAnaAppl = "J. Math. Anal. Appl." }
 @String{MathAnnalen = "Mathematische Annalen" }
 @String{MathAnnalen = "Math. Ann." }
 @String{MathPhys = "Journal of Mathematical Physics" }
 @String{MathPhys = "J. Math. Phys." }
 @String{MathComp = "Mathematics of Computation" }
 @String{MathComp = "Math. Comp." }
 @String{MathScand = "Mathematica Scandinavica" }
 @String{MathScand = "Math. Scand." }
 @String{TablesAidsComp = "Mathematical Tables and Other Aids to Computation" }
 @String{TablesAidsComp = "Math. Tables Aids Comput." }
 @String{NumerMath = "Numerische Mathematik" }
 @String{NumerMath = "Numer. Math." }
 @String{PacificMath = "Pacific Journal of Mathematics" }
 @String{PacificMath = "Pacific J. Math." }
 @String{ParDistComp = "Journal of Parallel and Distributed Computing" }
 @String{ParDistComp = "J. Parallel and Distrib. Comput." } % didn't find
%% in AMS MR
 @String{ParComputing = "Parallel Computing" }
 @String{ParComputing = "Parallel Comput." }
 @String{PhilMag = "Philosophical Magazine" }
 @String{PhilMag = "Philos. Mag." }
 @String{ProcNAS = "Proceedings of the National Academy of Sciences
                    of the USA" }
 @String{ProcNAS = "Proc. Nat. Acad. Sci. U. S. A." }
 @String{Psychometrika = "Psychometrika" }
 @String{QuartMath = "Quarterly Journal of Mathematics, Oxford, Series (2)" }
 @String{QuartMath = "Quart. J. Math. Oxford Ser. (2)" }
 @String{QuartApplMath = "Quarterly of Applied Mathematics" }
 @String{QuartApplMath = "Quart. Appl. Math." }
 @String{RevueInstStat = "Review of the International Statisical Institute" }
 @String{RevueInstStat = "Rev. Inst. Internat. Statist." }

 %SIAM
 @String{JSIAM = "Journal of the Society for Industrial and Applied
     Mathematics" }
 @String{JSIAM = "J. Soc. Indust. Appl. Math." }
 @String{JSIAMB = "Journal of the Society for Industrial and Applied
     Mathematics, Series B, Numerical Analysis" }
 @String{JSIAMB = "J. Soc. Indust. Appl. Math. Ser. B Numer. Anal." }
 @String{SIAMAlgMeth = "{SIAM} Journal on Algebraic and Discrete Methods" }
 @String{SIAMAlgMeth = "{SIAM} J. Algebraic Discrete Methods" }
 @String{SIAMAppMath = "{SIAM} Journal on Applied Mathematics" }
 @String{SIAMAppMath = "{SIAM} J. Appl. Math." }
 @String{SIAMComp = "{SIAM} Journal on Computing" }
 @String{SIAMComp = "{SIAM} J. Comput." }
 @String{SIAMMatrix = "{SIAM} Journal on Matrix Analysis and Applications" }
 @String{SIAMMatrix = "{SIAM} J. Matrix Anal. Appl." }
 @String{SIAMNumAnal = "{SIAM} Journal on Numerical Analysis" }
 @String{SIAMNumAnal = "{SIAM} J. Numer. Anal." }
 @String{SIAMReview = "{SIAM} Review" }
 @String{SIAMReview = "{SIAM} Rev." }
 @String{SIAMSciStat = "{SIAM} Journal on Scientific and Statistical
     Computing" }
 @String{SIAMSciStat = "{SIAM} J. Sci. Statist. Comput." }

 @String{SoftPracExp = "Software Practice and Experience" }
 @String{SoftPracExp = "Software Prac. Experience" } % didn't find in AMS MR
 @String{StatScience = "Statistical Science" }
 @String{StatScience = "Statist. Sci." }
 @String{Techno = "Technometrics" }
 @String{USSRCompMathPhys = "{USSR} Computational Mathematics and Mathematical
     Physics" }
 @String{USSRCompMathPhys = "{U. S. S. R.} Comput. Math. and Math. Phys." }
 @String{VLSICompSys = "Journal of {VLSI} and Computer Systems" }
 @String{VLSICompSys = "J. {VLSI} Comput. Syst." }
 @String{ZAngewMathMech = "Zeitschrift fur Angewandte Mathematik und
     Mechanik" }
 @String{ZAngewMathMech = "Z. Angew. Math. Mech." }
 @String{ZAngewMathPhys = "Zeitschrift fur Angewandte Mathematik und Physik" }
 @String{ZAngewMathPhys = "Z. Angew. Math. Phys." }

% Publishers % ================================================= |

 @String{Academic = "Academic Press" }
 @String{ACMPress = "{ACM} Press" }
 @String{AdamHilger = "Adam Hilger" }
 @String{AddisonWesley = "Addison-Wesley" }
 @String{AllynBacon = "Allyn and Bacon" }
 @String{AMS = "American Mathematical Society" }
 @String{Birkhauser = "Birkha{\"u}ser" }
 @String{CambridgePress = "Cambridge University Press" }
 @String{Chelsea = "Chelsea" }
 @String{ClaredonPress = "Claredon Press" }
 @String{DoverPub = "Dover Publications" }
 @String{Eyolles = "Eyolles" }
 @String{HoltRinehartWinston = "Holt, Rinehart and Winston" }
 @String{Interscience = "Interscience" }
 @String{JohnsHopkinsPress = "The Johns Hopkins University Press" }
 @String{JohnWileySons = "John Wiley and Sons" }
 @String{Macmillan = "Macmillan" }
 @String{MathWorks = "The Math Works Inc." }
 @String{McGrawHill = "McGraw-Hill" }
 @String{NatBurStd = "National Bureau of Standards" }
 @String{NorthHolland = "North-Holland" }
 @String{OxfordPress = "Oxford University Press" }  %address Oxford or London?
 @String{PergamonPress = "Pergamon Press" }
 @String{PlenumPress = "Plenum Press" }
 @String{PrenticeHall = "Prentice-Hall" }
 @String{SIAMPub = "{SIAM} Publications" }
 @String{Springer = "Springer-Verlag" }
 @String{TexasPress = "University of Texas Press" }
 @String{VanNostrand = "Van Nostrand" }
 @String{WHFreeman = "W. H. Freeman and Co." }

%Entries

@misc{sdghub,
  author = {SDG Knowledge Hub},
  url = {http://sdg.iisd.org/news/global-electric-vehicles-sales-surge-but-emissions-from-transport-rise-faster/},
  year={2017},
  note = {Accessed: 2021-02-01}
}
@misc{sdgun,
  author = {Donâ€™t miss the bus: electric vehicles promise big benefits},
  url = {https://www.unenvironment.org/news-and-stories/story/dont-miss-bus-electric-vehicles-promise-big-benefits},
  year={2017},
  note = {Accessed: 2021-02-01}
}

@misc{baidumaps,
  author = {Baidu Maps},
  url = {https://en.wikipedia.org/wiki/Baidu_Maps},
  year = {2020}
}

@article{yang2018design,
  title={Design government incentive schemes for promoting electric taxis in China},
  author={Yang, Jie and Dong, Jing and Hu, Liang},
  journal={Energy policy},
  volume={115},
  pages={1--11},
  year={2018}
}

@inproceedings{zheng2018drn,
  title={DRN: A deep reinforcement learning framework for news recommendation},
  author={Zheng, Guanjie and Zhang, Fuzheng and Zheng, Zihan and Xiang, Yang and Yuan, Nicholas Jing and Xie, Xing and Li, Zhenhui},
  booktitle={Proceedings of the 2018 World Wide Web Conference},
  pages={167--176},
  year={2018}
}

@inproceedings{zhao2018deep,
  title={Deep reinforcement learning for sponsored search real-time bidding},
  author={Zhao, Jun and Qiu, Guang and Guan, Ziyu and Zhao, Wei and He, Xiaofei},
  booktitle={Proceedings of the 24th ACM SIGKDD International Conference on Knowledge Discovery \& Data Mining},
  pages={1021--1030},
  year={2018}
}

@inproceedings{jin2018real,
  title={Real-time bidding with multi-agent reinforcement learning in display advertising},
  author={Jin, Junqi and Song, Chengru and Li, Han and Gai, Kun and Wang, Jun and Zhang, Weinan},
  booktitle={Proceedings of the 27th ACM International Conference on Information and Knowledge Management},
  pages={2193--2201},
  year={2018}
}

@inproceedings{kipf2017semi,
  title={Semi-Supervised Classification with Graph Convolutional Networks},
  author={Kipf, Thomas N. and Welling, Max},
  booktitle={International Conference on Learning Representations},
  year={2017}
}

@article{aslani2017adaptive,
  title={Adaptive traffic signal control with actor-critic methods in a real-world traffic network with different traffic disruption events},
  author={Aslani, Mohammad and Mesgari, Mohammad Saadi and Wiering, Marco},
  journal={Transportation Research Part C: Emerging Technologies},
  volume={85},
  pages={732--752},
  year={2017},
  publisher={Elsevier}
}

@article{chu2019multi,
  title={Multi-agent deep reinforcement learning for large-scale traffic signal control},
  author={Chu, Tianshu and Wang, Jie and Codec{\`a}, Lara and Li, Zhaojian},
  journal={IEEE Transactions on Intelligent Transportation Systems},
  volume={21},
  number={3},
  pages={1086--1095},
  year={2019},
  publisher={IEEE}
}

@article{tuyls2012multiagent,
  title={Multiagent learning: Basics, challenges, and prospects},
  author={Tuyls, Karl and Weiss, Gerhard},
  journal={Ai Magazine},
  volume={33},
  number={3},
  pages={41--41},
  year={2012}
}

@article{hernandez2017survey,
  title={A survey of learning in multiagent environments: Dealing with non-stationarity},
  author={Hernandez-Leal, Pablo and Kaisers, Michael and Baarslag, Tim and de Cote, Enrique Munoz},
  journal={arXiv preprint arXiv:1707.09183},
  year={2017}
}

@article{zheng2020systematic,
  title={A systematic methodology for mid-and-long term electric vehicle charging load forecasting: The case study of Shenzhen, China},
  author={Zheng, Yanchong and Shao, Ziyun and Zhang, Yumeng and Jian, Linni},
  journal={Sustainable Cities and Society},
  pages={102084},
  year={2020}
}

@inproceedings{li2015growing,
  title={Growing the charging station network for electric vehicles with trajectory data analytics},
  author={Li, Yanhua and Luo, Jun and Chow, Chi-Yin and Chan, Kam-Lam and Ding, Ye and Zhang, Fan},
  booktitle={IEEE 31st International Conference on Data Engineering},
  pages={1376--1387},
  year={2015}
}

@inproceedings{du2018demand,
  title={Demand-aware charger planning for electric vehicle sharing},
  author={Du, Bowen and Tong, Yongxin and Zhou, Zimu and Tao, Qian and Zhou, Wenjun},
  booktitle={Proceedings of the 24th ACM SIGKDD International Conference on Knowledge Discovery and Data Mining},
  pages={1330--1338},
  year={2018}
}

# independently learning 
@inproceedings{tan1993multi,
  title={Multi-agent reinforcement learning: Independent vs. cooperative agents},
  author={Tan, Ming},
  booktitle={Proceedings of the 10th International Conference on Machine Learning},
  pages={330--337},
  year={1993}
}

@article{tampuu2017multiagent,
  title={Multiagent cooperation and competition with deep reinforcement learning},
  author={Tampuu, Ardi and Matiisen, Tambet and Kodelja, Dorian and Kuzovkin, Ilya and Korjus, Kristjan and Aru, Juhan and Aru, Jaan and Vicente, Raul},
  journal={PloS one},
  year={2017},
}

@inproceedings{gupta2017cooperative,
  title={Cooperative multi-agent control using deep reinforcement learning},
  author={Gupta, Jayesh K and Egorov, Maxim and Kochenderfer, Mykel},
  booktitle={International Conference on Autonomous Agents and Multiagent Systems},
  pages={66--83},
  year={2017},
}

@article{DBLP:journals/ker/MatignonLF12,
  title={Independent reinforcement learners in cooperative Markov games: a survey regarding coordination problems.},
  author={Matignon, Laetitia and Laurent, Guillaume J and Le Fort-Piat, Nadine},
  journal={Knowledge Engineering Review},
  pages     = {1--31},
  year      = {2012},
}

# communication
@inproceedings{jiang2019graph,
  title={Graph Convolutional Reinforcement Learning},
  author={Jiang, Jiechuan and Dun, Chen and Huang, Tiejun and Lu, Zongqing},
  booktitle={International Conference on Learning Representations},
  year={2019}
}

@inproceedings{foerster2016learning,
  title={Learning to communicate with deep multi-agent reinforcement learning},
  author={Foerster, Jakob and Assael, Ioannis Alexandros and De Freitas, Nando and Whiteson, Shimon},
  booktitle={Advances in neural information processing systems},
  pages={2137--2145},
  year={2016}
}

@inproceedings{sukhbaatar2016learning,
  title={Learning multiagent communication with backpropagation},
  author={Sukhbaatar, Sainbayar and Szlam, Arthur and Fergus, Rob},
  booktitle={Advances in neural information processing systems},
  pages={2244--2252},
  year={2016}
}

@article{peng2017multiagent,
  title={Multiagent bidirectionally-coordinated nets for learning to play starcraft combat games},
  author={Peng, Peng and Yuan, Quan and Wen, Ying and Yang, Yaodong and Tang, Zhenkun and Long, Haitao and Wang, Jun},
  journal={arXiv preprint arXiv:1703.10069},
  year={2017}
}

@inproceedings{jiang2018learning,
  title={Learning attentional communication for multi-agent cooperation},
  author={Jiang, Jiechuan and Lu, Zongqing},
  booktitle={Advances in neural information processing systems},
  pages={7254--7264},
  year={2018}
}

# CTDE
# Value based
@inproceedings{sunehag2018value,
  title={Value-Decomposition Networks For Cooperative Multi-Agent Learning Based On Team Reward},
  author={Sunehag, Peter and Lever, Guy and Gruslys, Audrunas and Czarnecki, Wojciech Marian and Zambaldi, Vinicius and Jaderberg, Max and Lanctot, Marc and Sonnerat, Nicolas and Leibo, Joel Z and Tuyls, Karl and others},
  booktitle={Proceedings of the 17th International Conference on Autonomous Agents and MultiAgent Systems},
  pages={2085--2087},
  year={2018}
}

@inproceedings{rashid2018qmix,
  title={QMIX: Monotonic Value Function Factorisation for Deep Multi-Agent Reinforcement Learning},
  author={Rashid, Tabish and Samvelyan, Mikayel and Schroeder, Christian and Farquhar, Gregory and Foerster, Jakob and Whiteson, Shimon},
  booktitle={International Conference on Machine Learning},
  pages={4295--4304},
  year={2018}
}

# Actor-critic
@inproceedings{lowe2017multi,
  title={Multi-agent actor-critic for mixed cooperative-competitive environments},
  author={Lowe, Ryan and Wu, Yi I and Tamar, Aviv and Harb, Jean and Abbeel, OpenAI Pieter and Mordatch, Igor},
  booktitle={Advances in neural information processing systems},
  pages={6379--6390},
  year={2017}
}

@inproceedings{DBLP:conf/aaai/FoersterFANW18,
  author    = {Jakob N. Foerster and
               Gregory Farquhar and
               Triantafyllos Afouras and
               Nantas Nardelli and
               Shimon Whiteson},
  title     = {Counterfactual Multi-Agent Policy Gradients},
  booktitle = {Proceedings of the 32nd {AAAI} Conference on Artificial Intelligence},
  pages     = {2974--2982},
  year      = {2018},
}

@inproceedings{iqbal2019actor,
  title={Actor-attention-critic for multi-agent reinforcement learning},
  author={Iqbal, Shariq and Sha, Fei},
  booktitle={International Conference on Machine Learning},
  pages={2961--2970},
  year={2019}
}

### MA-Intelligent transportaion
# traffic signal control
@inproceedings{wei2019colight,
  title={Colight: Learning network-level cooperation for traffic signal control},
  author={Wei, Hua and Xu, Nan and Zhang, Huichu and Zheng, Guanjie and Zang, Xinshi and Chen, Chacha and Zhang, Weinan and Zhu, Yanmin and Xu, Kai and Li, Zhenhui},
  booktitle={Proceedings of the 28th ACM International Conference on Information and Knowledge Management},
  pages={1913--1922},
  year={2019}
}

@article{wang2020stmarl,
  title={STMARL: A Spatio-Temporal Multi-Agent Reinforcement Learning Approach for Cooperative Traffic Light Control},
  author={Wang, Yanan and Xu, Tong and Niu, Xin and Tan, Chang and Chen, Enhong and Xiong, Hui},
  journal={IEEE Transactions on Mobile Computing},
  year={2020},
  publisher={IEEE}
}

# order dispatch
@inproceedings{lin2018efficient,
  title={Efficient large-scale fleet management via multi-agent deep reinforcement learning},
  author={Lin, Kaixiang and Zhao, Renyu and Xu, Zhe and Zhou, Jiayu},
  booktitle={Proceedings of the 24th ACM SIGKDD International Conference on Knowledge Discovery \& Data Mining},
  pages={1774--1783},
  year={2018}
}

@inproceedings{li2019efficient,
  title={Efficient ridesharing order dispatching with mean field multi-agent reinforcement learning},
  author={Li, Minne and Qin, Zhiwei and Jiao, Yan and Yang, Yaodong and Wang, Jun and Wang, Chenxi and Wu, Guobin and Ye, Jieping},
  booktitle={The World Wide Web Conference},
  pages={983--994},
  year={2019}
}

@inproceedings{jin2019coride,
  title={Coride: joint order dispatching and fleet management for multi-scale ride-hailing platforms},
  author={Jin, Jiarui and Zhou, Ming and Zhang, Weinan and Li, Minne and Guo, Zilong and Qin, Zhiwei and Jiao, Yan and Tang, Xiaocheng and Wang, Chenxi and Wang, Jun and others},
  booktitle={Proceedings of the 28th ACM International Conference on Information and Knowledge Management},
  pages={1983--1992},
  year={2019}
}

@inproceedings{zhou2019multi,
  title={Multi-agent reinforcement learning for order-dispatching via order-vehicle distribution matching},
  author={Zhou, Ming and Jin, Jiarui and Zhang, Weinan and Qin, Zhiwei and Jiao, Yan and Wang, Chenxi and Wu, Guobin and Yu, Yong and Ye, Jieping},
  booktitle={Proceedings of the 28th ACM International Conference on Information and Knowledge Management},
  pages={2645--2653},
  year={2019}
}

# other systems
@inproceedings{li2018dynamic,
  title={Dynamic bike reposition: A spatio-temporal reinforcement learning approach},
  author={Li, Yexin and Zheng, Yu and Yang, Qiang},
  booktitle={Proceedings of the 24th ACM SIGKDD International Conference on Knowledge Discovery \& Data Mining},
  pages={1724--1733},
  year={2018}
}

@inproceedings{liyexin2019efficient,
  title={Efficient and Effective Express via Contextual Cooperative Reinforcement Learning},
  author={Li, Yexin and Zheng, Yu and Yang, Qiang},
  booktitle={Proceedings of the 25th ACM SIGKDD International Conference on Knowledge Discovery \& Data Mining},
  pages={510--519},
  year={2019}
}

@article{ji2019deep,
  title={A Deep Reinforcement Learning-Enabled Dynamic Redeployment System for Mobile Ambulances},
  author={Ji, Shenggong and Zheng, Yu and Wang, Zhaoyuan and Li, Tianrui},
  journal={Proceedings of the ACM on Interactive, Mobile, Wearable and Ubiquitous Technologies},
  pages={1--20},
  year={2019},
}

# gauss
@article{shuman2013emerging,
  title={The emerging field of signal processing on graphs: Extending high-dimensional data analysis to networks and other irregular domains},
  author={Shuman, David I and Narang, Sunil K and Frossard, Pascal and Ortega, Antonio and Vandergheynst, Pierre},
  journal={IEEE signal processing magazine},
  pages={83--98},
  year={2013},
  publisher={IEEE}
}

# other

@article{papoudakis2019dealing,
  title={Dealing with non-stationarity in multi-agent deep reinforcement learning},
  author={Papoudakis, Georgios and Christianos, Filippos and Rahman, Arrasy and Albrecht, Stefano V},
  journal={arXiv preprint arXiv:1906.04737},
  year={2019}
}

@article{mnih2015human,
  title={Human-level control through deep reinforcement learning},
  author={Mnih, Volodymyr and Kavukcuoglu, Koray and Silver, David and Rusu, Andrei A and Veness, Joel and Bellemare, Marc G and Graves, Alex and Riedmiller, Martin and Fidjeland, Andreas K and Ostrovski, Georg and others},
  journal={Nature},
  pages={529--533},
  year={2015},
}

@inproceedings{hao2019trans2vec,
  title={Joint Representation Learning for Multi-Modal Transportation Recommendation},
  author={Liu, Hao and Li, Ting and Hu, Renjun and Fu, Yanjie and Gu, Jingjing and Xiong, Hui},
  booktitle={Proceedings of the 33rd AAAI Conference on Artificial Intelligence},
  year={2019},
 pages = {1036--1043}
}

@article{schulman2017proximal,
  title={Proximal policy optimization algorithms},
  author={Schulman, John and Wolski, Filip and Dhariwal, Prafulla and Radford, Alec and Klimov, Oleg},
  journal={arXiv preprint arXiv:1707.06347},
  year={2017}
}

@misc{baselines,
  author = {Dhariwal, Prafulla and Hesse, Christopher and Klimov, Oleg and Nichol, Alex and Plappert, Matthias and Radford, Alec and Schulman, John and Sidor, Szymon and Wu, Yuhuai and Zhokhov, Peter},
  title = {OpenAI Baselines},
  year = {2017},
  publisher = {GitHub},
  journal = {GitHub repository},
  howpublished = {\url{https://github.com/openai/baselines}},
}

@article{lillicrap2015continuous,
  title={Continuous control with deep reinforcement learning},
  author={Lillicrap, Timothy P and Hunt, Jonathan J and Pritzel, Alexander and Heess, Nicolas and Erez, Tom and Tassa, Yuval and Silver, David and Wierstra, Daan},
  journal={arXiv preprint arXiv:1509.02971},
  year={2015}
}

@book{lynch2009single,
  title={Single point of failure},
  author={Lynch, Gary S},
  year={2009},
  publisher={Wiley Online Library}
}

@article{wang2020joint,
  title={Joint Charging and Relocation Recommendation for E-Taxi Drivers via Multi-Agent Mean Field Hierarchical Reinforcement Learning},
  author={Wang, Enshu and Ding, Rong and Yang, Zhaoxing and Jin, Haiming and Miao, Chenglin and Su, Lu and Zhang, Fan and Qiao, Chunming and Wang, Xinbing},
  journal={IEEE Transactions on Mobile Computing},
  year={2020},
  publisher={IEEE}
}

@article{wang2020faircharge,
  title={FairCharge: A data-driven fairness-aware charging recommendation system for large-scale electric taxi fleets},
  author={Wang, Guang and Zhang, Yongfeng and Fang, Zhihan and Wang, Shuai and Zhang, Fan and Zhang, Desheng},
  journal={Proceedings of the ACM on Interactive, Mobile, Wearable and Ubiquitous Technologies},
  pages={1--25},
  year={2020},
  publisher={ACM New York, NY, USA}
}

@inproceedings{guo2017recommendation,
  title={Recommendation of geographic distributed charging stations for electric vehicles: A game theoretical approach},
  author={Guo, Tianci and You, Pengcheng and Yang, Zaiyue},
  booktitle={IEEE Power \& Energy Society General Meeting},
  pages={1--5},
  year={2017},
}

@inproceedings{wang2018bcharge,
  title={bCharge: Data-driven real-time charging scheduling for large-scale electric bus fleets},
  author={Wang, Guang and Xie, Xiaoyang and Zhang, Fan and Liu, Yunhuai and Zhang, Desheng},
  booktitle={IEEE Real-Time Systems Symposium},
  pages={45--55},
  year={2018},
}

@article{tian2016real,
  title={Real-time charging station recommendation system for electric-vehicle taxis},
  author={Tian, Zhiyong and Jung, Taeho and Wang, Yi and Zhang, Fan and Tu, Lai and Xu, Chengzhong and Tian, Chen and Li, Xiang-Yang},
  journal={IEEE Transactions on Intelligent Transportation Systems},
  pages={3098--3109},
  year={2016},
  publisher={IEEE}
}

@inproceedings{kong2016line,
  title={On-line event-driven scheduling for electric vehicle charging via park-and-charge},
  author={Kong, Fanxin and Xiang, Qiao and Kong, Linghe and Liu, Xue},
  booktitle={IEEE Real-Time Systems Symposium},
  pages={69--78},
  year={2016},
}

@inproceedings{yuan2019p,
  title={p\^{} 2Charging: Proactive Partial Charging for Electric Taxi Systems},
  author={Yuan, Yukun and Zhang, Desheng and Miao, Fei and Chen, Jimin and He, Tian and Lin, Shan},
  booktitle={IEEE 39th International Conference on Distributed Computing Systems},
  pages={688--699},
  year={2019},
  organization={IEEE}
}

@inproceedings{wang2019tcharge,
  title={tCharge-A fleet-oriented real-time charging scheduling system for electric taxi fleets},
  author={Wang, Guang and Zhang, Fan and Zhang, Desheng},
  booktitle={Proceedings of the 17th Conference on Embedded Networked Sensor Systems},
  pages={440--441},
  year={2019}
}

@article{cao2019toward,
  title={Toward pre-empted EV charging recommendation through V2V-based reservation system},
  author={Cao, Yue and Jiang, Tao and Kaiwartya, Omprakash and Sun, Hongjian and Zhou, Huan and Wang, Ran},
  journal={IEEE Transactions on Systems, Man, and Cybernetics: Systems},
  year={2019},
  publisher={IEEE}
}

@article{savari2020internet,
  title={Internet of Things based real-time electric vehicle load forecasting and charging station recommendation},
  author={Savari, George F and Krishnasamy, Vijayakumar and Sathik, Jagabar and Ali, Ziad M and Aleem, Shady HE Abdel},
  journal={ISA transactions},
  pages={431--447},
  year={2020},
  publisher={Elsevier}
}

@article{yang2014optimal,
  title={Optimal charging strategy for plug-in electric taxi with time-varying profits},
  author={Yang, Zaiyue and Sun, Lihao and Ke, Min and Shi, Zhiguo and Chen, Jiming},
  journal={IEEE Transactions on Smart Grid},
  pages={2787--2797},
  year={2014},
  publisher={IEEE}
}

@article{veres2019deep,
  title={Deep learning for intelligent transportation systems: A survey of emerging trends},
  author={Veres, Matthew and Moussa, Medhat},
  journal={IEEE Transactions on Intelligent Transportation Systems},
  year={2019},
  publisher={IEEE}
}

@inproceedings{zhang2020semi_aaai,
  title={Semi-Supervised Hierarchical Recurrent Graph Neural Network for City-Wide Parking Availability Prediction},
  author={Zhang, Weijia and Liu, Hao and Liu, Yanchi and Zhou, Jingbo and Xiong, Hui},
  booktitle={Proceedings of the 34th AAAI Conference on Artificial Intelligence},
  pages={1186--1193},
  year={2020}
}

@article{zhang2020semi_tkde,
  title={Semi-Supervised City-Wide Parking Availability Prediction via Hierarchical Recurrent Graph Neural Network},
  author={Zhang, Weijia and Liu, Hao and Liu, Yanchi and Zhou, Jingbo and Xu, Tong and Xiong, Hui},
  journal={IEEE Transactions on Knowledge and Data Engineering},
  year={2020},
  publisher={IEEE}
}

@article{liu2020multi,
  title={Multi-modal transportation recommendation with unified route representation learning},
  author={Liu, Hao and Han, Jindong and Fu, Yanjie and Zhou, Jingbo and Lu, Xinjiang and Xiong, Hui},
  journal={Proceedings of the VLDB Endowment},
  pages={342--350},
  year={2020},
  publisher={VLDB Endowment}
}

@article{liu2020incorporating,
  title={Incorporating Multi-Source Urban Data for Personalized and Context-Aware Multi-Modal Transportation Recommendation},
  author={Liu, Hao and Tong, Yongxin and Han, Jindong and Zhang, Panpan and Lu, Xinjiang and Xiong, Hui},
  journal={IEEE Transactions on Knowledge and Data Engineering},
  year={2020},
  publisher={IEEE}
}

@inproceedings{yuan2020spatio,
  title={Spatio-temporal dual graph attention network for query-poi matching},
  author={Yuan, Zixuan and Liu, Hao and Liu, Yanchi and Zhang, Denghui and Yi, Fei and Zhu, Nengjun and Xiong, Hui},
  booktitle={Proceedings of the 43rd International ACM SIGIR Conference on Research and Development in Information Retrieval},
  pages={629--638},
  year={2020}
}

@inproceedings{xin2021out,
  title={Out-of-Town Recommendation with Travel Intention Modeling},
  author={Xin, Haoran and Lu, Xinjiang and Xu, Tong and Liu, Hao and Gu, Jingjing and Dou, Dejing and Xiong, Hui},
  booktitle={Proceedings of the 35th AAAI Conference on Artificial Intelligence},
  year={2021}
}

@inproceedings{han2020joint,
  title={Joint Air Quality and Weather Prediction Based on Multi-Adversarial Spatiotemporal Networks},
  author={Han, Jindong and Liu, Hao and Zhu, Hengshu and Xiong, Hui and Dou, Dejing},
  booktitle={Proceedings of the 35th AAAI Conference on Artificial Intelligence},
  year={2021}
}

@inproceedings{xiao2020c,
  title={C-Watcher: A Framework for Early Detection of High-Risk Neighborhoods Ahead of COVID-19 Outbreak},
  author={Xiao, Congxi and Zhou, Jingbo and Huang, Jizhou and Zhuo, An and Liu, Ji and Xiong, Haoyi and Dou, Dejing},
  booktitle={Proceedings of the 35th AAAI Conference on Artificial Intelligence},
  year={2021}
}

@inproceedings{fan2020autofs,
  title={AutoFS: Automated Feature Selection via Diversity-aware Interactive Reinforcement Learning},
  author={Fan, Wei and Liu, Kunpeng and Liu, Hao and Wang, Pengyang and Ge, Yong and Fu, Yanjie},
  booktitle={IEEE 20th International Conference on Data Mining},
  year={2020}
}

@article{guo2020survey,
  title={A survey on knowledge graph-based recommender systems},
  author={Guo, Qingyu and Zhuang, Fuzhen and Qin, Chuan and Zhu, Hengshu and Xie, Xing and Xiong, Hui and He, Qing},
  journal={IEEE Transactions on Knowledge and Data Engineering},
  year={2020},
  publisher={IEEE}
}
