@article{sakharov1991violation,
    title={Violation of {$CP$} invariance, {$C$} asymmetry, and baryon asymmetry of the universe},
    author={Sakharov, Andrei D},
    journal={Soviet Physics Uspekhi},
    volume={34},
    number={5},
    pages={392},
    year={1991},
    publisher={IOP Publishing},
}

@article{landau1969statistical,
    title={Statistical physics. {Pt.} 1},
    author={Landau, Lev Davidovich and Lifshitz, EM},
    journal={Course of theoretical physics-Pergamon International Library of Science, Technology, Engineering and Social Studies, Oxford: Pergamon Press, and Reading: Addison-Wesley,| c1969, 2nd rev.-enlarg. ed.},
    year={1969},
}

@article{bennett2013nine,
    title={Nine-year {Wilkinson} {Microwave} {Anisotropy} {Probe} ({WMAP}) observations: final maps and results},
    author={Bennett, CL and Larson, D and Weiland, JL and Jarosik, N and Hinshaw, G and Odegard, N and Smith, KM and Hill, RS and Gold, B and Halpern, M and others},
    journal={The Astrophysical Journal Supplement Series},
    volume={208},
    number={2},
    pages={20},
    year={2013},
    publisher={IOP Publishing},
    doi={10.1088/0067-0049/208/2/19}},
}

@article{dirac1928quantum,
    title={The quantum theory of the electron},
    author={Dirac, Paul Adrien Maurice},
    journal={Proc. R. Soc. Lond. A},
    volume={117},
    number={778},
    pages={610--624},
    year={1928},
    publisher={The Royal Society},
}

@article{canetti2012matter,
    Author = {Laurent Canetti and Marco Drewes and Mikhail Shaposhnikov},
    Title = {Matter and Antimatter in the Universe},
    Year = {2012},
    Eprint = {arXiv:1204.4186},
    journal = {New J. Phys. 14 (2012) 095012},
    doi={10.1088/1367-2630/14/9/095012},
}

@misc{peccei1995,
    Author = {R. D. Peccei},
    Title = {{$CP$} Violation: A Theoretical Review},
    Year = {1995},
    Eprint = {arXiv:hep-ph/9508389},
    note={\url{https://arxiv.org/abs/hep-ph/9508389}},
}

@article{christenson1964evidence,
    title={Evidence for the {$2\pi$} Decay of the {$K_2^0$} Meson},
    author={Christenson, James H and Cronin, Jeremiah W and Fitch, Val L and Turlay, Ren{\'e}},
    journal={Physical Review Letters},
    volume={13},
    number={4},
    pages={138},
    year={1964},
    publisher={APS},
    doi={10.1103/PhysRevLett.13.138},
}


@article{PDG18,
  title = {Review of Particle Physics},
  author = {Tanabashi et al., M.},
  collaboration = {Particle Data Group},
  journal = {Phys. Rev. D},
  volume = {98},
  number = {3},
  pages = {030001},
  numpages = {1898},
  year = {2018},
  publisher = {American Physical Society},
  doi = {10.1103/PhysRevD.98.030001},
}


@article{hou2011source,
    title={Source of {$CP$} Violation for the Baryon Asymmetry of the Universe},
    author={Hou, George WS},
    journal={International Journal of Modern Physics D},
    volume={20},
    number={08},
    pages={1521--1532},
    year={2011},
    publisher={World Scientific},
    doi={10.1142/S0218271811019694},
}

@article{kobayashi1973cp,
    title={{$CP$}-violation in the renormalizable theory of weak interaction},
    author={Kobayashi, Makoto and Maskawa, Toshihide},
    journal={Progress of Theoretical Physics},
    volume={49},
    number={2},
    pages={652--657},
    year={1973},
    publisher={Oxford University Press},
    doi={10.1143/PTP.49.652},
}

@article{riotto1999recent,
    title={Recent progress in baryogenesis},
    author={Riotto, Antonio and Trodden, Mark},
    journal={Annual Review of Nuclear and Particle Science},
    volume={49},
    number={1},
    pages={35--75},
    year={1999},
    publisher={Annual Reviews 4139 El Camino Way, PO Box 10139, Palo Alto, CA 94303-0139, USA},
    doi={10.1146/annurev.nucl.49.1.35},
}

@article{kleinknecht2006unitarity,
    title={Unitarity triangle from {$CP$} invariant quantities},
    author={Kleinknecht, Konrad and Renk, Burkhard},
    journal={Physics Letters B},
    volume={639},
    number={6},
    pages={612--615},
    year={2006},
    publisher={Elsevier},
    doi={10.1016/j.physletb.2006.07.015},
}

@article{fodor2000EW,
    title={Electroweak phase transitions},
    author={Z. Fodor},
    journal={Nuclear Physics B Proceedings Supplements},
    volume={83--84},
    pages={121--125},
    year={2000},
    publisher={Elsevier},
    doi={10.1016/S0920-5632(00)91603-7Get},
}

@article{Proceedings_2001mua,
    author = {???},
    journal = {???},
    title          = "{Proceedings, 29th SLAC Summer Institute on Particle
        Physics: Exploring Electroweak Symmetry Breaking (SSI
                2001)}",
    url            = "http://www.slac.stanford.edu/spires/find/books/www?cl=QCD161:S76:2001:WEB:ONLY",
    year           = "2001",
    reportNumber   = "SLAC-R-721",
    SLACcitation   = "%%CITATION = SLAC-R-721;%%",
}

@article{sandars1967measurability,
    title={Measurability of the proton electric dipole moment},
    author={Sandars, PGH},
    journal={Physical Review Letters},
    volume={19},
    number={24},
    pages={1396},
    year={1967},
    publisher={APS},
    doi={10.1103/PhysRevLett.19.1396},
}

@article{schiff1963measurability,
    title={Measurability of nuclear electric dipole moments},
    author={Schiff, LI},
    journal={Physical Review},
    volume={132},
    number={5},
    pages={2194},
    year={1963},
    publisher={APS},
    doi={10.1103/PhysRev.132.2194},
}

@article{landau1957conservation,
    title={On the conservation laws for weak interactions},
    author={Landau, Lev},
    journal={Nuclear Physics},
    volume={3},
    number={1},
    pages={127--131},
    year={1957},
    publisher={North-Holland},
    doi={10.1016/0029-5582(57)90061-5},
}

@article{purcell1950possibility,
    title={On the possibility of electric dipole moments for elementary particles and nuclei},
    author={Purcell, EM and Ramsey, NF},
    journal={Physical Review},
    volume={78},
    number={6},
    pages={807},
    year={1950},
    publisher={APS},
    doi={10.1103/PhysRev.78.807},
}

@article{safronova2018search,
    title={Search for new physics with atoms and molecules},
    author={Safronova, MS and Budker, D and DeMille, D and Kimball, Derek F Jackson and Derevianko, A and Clark, Charles W},
    journal={Reviews of Modern Physics},
    volume={90},
    number={2},
    pages={025008},
    year={2018},
    publisher={APS},
    doi={10.1103/RevModPhys.90.025008},
}

@article{liu2007atomic,
    title={Atomic electric dipole moments: The {Schiff} theorem and its corrections},
    author={Liu, C-P and Ramsey-Musolf, MJ and Haxton, WC and Timmermans, RGE and Dieperink, AEL},
    journal={Physical Review C},
    volume={76},
    number={3},
    pages={035503},
    year={2007},
    publisher={APS},
    doi={10.1103/PhysRevC.76.035503},
}

@article{flambaum2002nuclear,
    title={Nuclear {Schiff} moment and time-invariance violation in atoms},
    author={Flambaum, VV and Ginges, JSM},
    journal={Physical Review A},
    volume={65},
    number={3},
    pages={032113},
    year={2002},
    publisher={APS},
    doi={10.1103/PhysRevA.65.032113}
}

@book{krane1987introductory,
    title={Introductory nuclear physics},
    author={Krane, Kenneth S and Halliday, David and others},
    year={1987},
    publisher={John Wiley \&\ Sons},
}

@article{sushkov1984possibility,
    title={Possibility of investigating {$P$}- and {$T$}-odd nuclear forces in atomic and molecular experiments},
    author={Sushkov, OP and Flambaum, VV and Khriplovich, IB},
    journal={Zh. Eksp. Teor. Fiz},
    volume={87},
    number={11},
    pages={1521--1540},
    year={1984},
}

@article{graham2015experimental,
    title={Experimental searches for the axion and axion-like particles},
    author={Graham, Peter W and Irastorza, Igor G and Lamoreaux, Steven K and Lindner, Axel and van Bibber, Karl A},
    journal={Annual Review of Nuclear and Particle Science},
    volume={65},
    pages={485--514},
    year={2015},
    publisher={Annual Reviews},
    doi={10.1146/annurev-nucl-102014-022120},
}

@article{pospelov1999theta,
    title={The theta term in {QCD} sum rules and the electric dipole moment of the vector meson},
    author={Pospelov, Maxim and Ritz, Adam},
    journal={Nuclear physics B},
    volume={558},
    number={1-2},
    pages={243--258},
    year={1999},
    publisher={Elsevier},
    doi={10.1016/S0550-3213(99)00399-5},
}

@article{pospelov2005electric,
    title={Electric dipole moments as probes of new physics},
    author={Pospelov, Maxim and Ritz, Adam},
    journal={Annals of physics},
    volume={318},
    number={1},
    pages={119--169},
    year={2005},
    publisher={Elsevier},
    doi={10.1016/j.aop.2005.04.002},
}

@article{pospelov1991electric,
    title={Electric dipole moment of the {$W$} boson and the electron in the {Kobayashi-Maskawa} model},
    author={Pospelov, M Eh and Khriplovich, IB},
    journal={Yadernaya Fizika},
    volume={53},
    number={4},
    pages={1030--1033},
    year={1991},
}

@article{harrison1969experimental,
    title={Experimental limit on the proton electric dipole moment},
    author={Harrison, GE and Sandars, PGH and Wright, SJ},
    journal={Physical Review Letters},
    volume={22},
    number={23},
    pages={1263},
    year={1969},
    publisher={APS},
    doi={10.1103/PhysRevLett.22.1263},
}

@article{hinds1980experiment,
    title={Experiment to search for {$P$}-and {$T$}-violating interactions in the hyperfine structure of thallium fluoride},
    author={Hinds, Edward A and Sandars, PGH},
    journal={Physical Review A},
    volume={21},
    number={2},
    pages={480},
    year={1980},
    publisher={APS},
    doi={10.1103/PhysRevA.21.480},
}

@article{cho1991search,
    title={Search for time-reversal-symmetry violation in thallium fluoride using a jet source},
    author={Cho, Donghyun and Sangster, K and Hinds, EA},
    journal={Physical Review A},
    volume={44},
    number={5},
    pages={2783},
    year={1991},
    publisher={APS},
    doi={10.1103/PhysRevA.44.2783},
}

@article{coveney1983parity,
    title={Parity-and time-violating interactions in thallium fluoride},
    author={Coveney, PV and Sandars, PGH},
    journal={Journal of Physics B: Atomic and Molecular Physics},
    volume={16},
    number={20},
    pages={3727},
    year={1983},
    publisher={IOP Publishing},
    doi={10.1088/0022-3700/16/20/009},
}

@article{wilkening1984search,
    title={Search for {$P$} and {$T$} violations in the hyperfine structure of thallium fluoride},
    author={Wilkening, Dean A and Ramsey, Norman F and Larson, Daniel J},
    journal={Physical Review A},
    volume={29},
    number={2},
    pages={425},
    year={1984},
    publisher={APS},
    doi={10.1103/PhysRevA.29.425},
}

@article{cho1989tenfold,
    title={Tenfold improvement of limits on {$T$} violation in thallium fluoride},
    author={Cho, D and Sangster, K and Hinds, EA},
    journal={Physical Review Letters},
    volume={63},
    number={23},
    pages={2559},
    year={1989},
    publisher={APS},
    doi={10.1103/PhysRevLett.63.2559},
}

@article{PhysRev.78.695,
    title = {A Molecular Beam Resonance Method with Separated Oscillating Fields},
    author = {Ramsey, Norman F.},
    journal = {Phys. Rev.},
    volume = {78},
    number = {6},
    pages = {695--699},
    numpages = {0},
    year = {1950},
    publisher = {American Physical Society},
    doi={10.1103/PhysRev.78.695},
}

@book{ramsey1956molecular,
    title={Molecular beams},
    author={Ramsey, Norman},
    volume={20},
    year={1956},
    publisher={Oxford University Press},
}

@article{hunter2012prospects,
    title={Prospects for laser cooling {TlF}},
    author={Hunter, LR and Peck, SK and Greenspon, AS and Alam, S Saad and
        DeMille, D},
    journal={Physical Review A},
    volume={85},
    number={1},
    pages={012511},
    year={2012},
    publisher={APS},
    doi={10.1103/PhysRevA.85.012511},
}

@article{hutzler2012buffer,
    title={The buffer gas beam: {An} intense, cold, and slow source for atoms and molecules},
    author={Hutzler, Nicholas R and Lu, Hsin-I and Doyle, John M},
    journal={Chemical reviews},
    volume={112},
    number={9},
    pages={4803--4827},
    year={2012},
    publisher={ACS Publications},
    doi={10.1021/cr200362u},
}

@article{schropp1987new,
    title={New limits on time-reversal invariance from the hyperfine structure of thallium fluoride},
    author={Schropp Jr, D and Cho, Donghyun and Vold, T and Hinds, EA},
    journal={Physical review letters},
    volume={59},
    number={9},
    pages={991},
    year={1987},
    publisher={APS},
    doi={10.1103/PhysRevLett.59.991}
}

@article{norrgard2017hyperfine,
    title={Hyperfine structure of the {$B^3\Pi_1$} state and predictions of
        optical cycling behavior in the {$X\to B$} transition of {TlF}},
    author={Norrgard, EB and Edwards, ER and McCarron, DJ and Steinecker, MH and DeMille, D and Alam, Shah Saad and Peck, SK and Wadia, NS and Hunter, LR},
    journal={Physical Review A},
    volume={95},
    number={6},
    pages={062506},
    year={2017},
    publisher={APS},
    doi={10.1103/PhysRevA.95.062506}
}

@article{barry2011bright,
    title={A bright, slow cryogenic molecular beam source for free radicals},
    author={Barry, JF and Shuman, ES and DeMille, D},
    journal={Physical Chemistry Chemical Physics},
    volume={13},
    number={42},
    pages={18936--18947},
    year={2011},
    publisher={Royal Society of Chemistry},
    doi={10.1039/C1CP20335E}
}

@book{brown2003rotational,
    title={Rotational {S}pectroscopy of {D}iatomic {M}olecules},
    author={Brown, John M and Carrington, Alan},
    year={2003},
    publisher={Cambridge University Press}
}

@book{huber2013molecular,
    title={Molecular spectra and molecular structure: IV. Constants of diatomic molecules},
    author={Huber, KP and Herzberg, G},
    year={2013},
    publisher={Springer Science \& Business Media}
}

@misc{afeefy2011nist,
    title={{NIST} {C}hemistry {W}eb{B}ook, {NIST} {S}tandard {R}eference {D}atabase Number 69},
    author={Afeefy, HY and Liebman, JF and Stein, SE},
    journal={Linstrom PJ, Mallard WG, editors},
    year={2018},
    doi={10.18434/T4D303},
    note = {{\href{https://doi.org/10.18434/T4D303}{doi:10.18434/T4D303}}}
}

@online{awic2015,
    title={Atomic {W}eights and {I}sotopic {C}ompositions (version 4.1)},
    author={Coursey, J.S. and Schwab, D.J. and Tsai, J.J. and Dragoset, R.A.},
    year={2015},
    url={http://physics.nist.gov/Comp},
    note={Accessed on Apr 20, 2020}
}

@article{malinovsky2001general,
    title={General theory of population transfer by adiabatic rapid passage with intense, chirped laser pulses},
    author={Malinovsky, VS and Krause, JL},
    journal={The European Physical Journal D-Atomic, Molecular, Optical and Plasma Physics},
    volume={14},
    number={2},
    pages={147--155},
    year={2001},
    publisher={Springer},
    doi={10.1007/s100530170212}
}

@article{shore2009simple,
    title={Simple mechanical analogs of rapid adiabatic passage in atomic physics},
    author={Shore, BW and Gromovyy, MV and Yatsenko, LP and Romanenko, VI},
    journal={American Journal of Physics},
    volume={77},
    number={12},
    pages={1183--1194},
    year={2009},
    publisher={American Association of Physics Teachers},
    doi={10.1119/1.3231688}
}

@article{cho1991tight,
    title={Tight focusing of beams of polar polyatomic molecules via the electrostatic hexapole lens},
    author={Cho, Victoria A and Bernstein, Richard B},
    journal={The Journal of Physical Chemistry},
    volume={95},
    number={21},
    pages={8129--8136},
    year={1991},
    publisher={ACS Publications},
    doi={10.1021/j100174a022}
}

@article{berg1965determination,
    title={Determination of Electronic Symmetry by Electric Deflection: {LiO} and {LaO}},
    author={Berg, Robert A and Wharton, Lennard and Klemperer, William and B{\"u}chler, Alfred and Stauffer, James L},
    journal={The Journal of Chemical Physics},
    volume={43},
    number={7},
    pages={2416--2421},
    year={1965},
    publisher={American Institute of Physics},
    doi={10.1063/1.1697140}
}

@article{bennewitz1955fokussierung,
    title={Fokussierung polarer molek{\"u}le},
    author={Bennewitz, HG and Paul, W and Schlier, Ch},
    journal={Zeitschrift f{\"u}r Physik},
    volume={141},
    number={1-2},
    pages={6--15},
    year={1955},
    publisher={Springer},
    doi={10.1007/BF01327279}
}

@article{tango1968spectroscopy,
    title={Spectroscopy of {K$_2$} Using Laser-Induced Fluorescence},
    author={Tango, William J and Link, John K and Zare, Richard N},
    journal={The Journal of Chemical Physics},
    volume={49},
    number={10},
    pages={4264--4268},
    year={1968},
    publisher={American Institute of Physics},
    doi={10.1063/1.1669869}
}

@article{zare2012my,
    title={My life with {LIF}: a personal account of developing laser-induced fluorescence},
    author={Zare, Richard N},
    journal={Annual review of analytical chemistry},
    volume={5},
    pages={1--14},
    year={2012},
    publisher={Annual Reviews},
    doi={10.1146/annurev-anchem-062011-143148}
}

@article{mead1979noncrossing,
    title={The `noncrossing' rule for electronic potential energy surfaces: The role of time-reversal invariance},
    author={Mead, C Alden},
    journal={The Journal of Chemical Physics},
    volume={70},
    number={5},
    pages={2276--2283},
    year={1979},
    publisher={American Institute of Physics},
    doi={10.1063/1.437733}
}

@book{dittrich1998quantum,
    title={Quantum transport and dissipation},
    author={Dittrich, Thomas and H{\"a}nggi, Peter and Ingold, Gert-Ludwig and Kramer, Bernhard and Sch{\"o}n, Gerd and Zwerger, Wilhelm},
    volume={3},
    year={1998},
    publisher={Wiley-Vch Weinheim}
}

@article{shirley1965solution,
    title={Solution of the {S}chr{\"o}dinger equation with a {H}amiltonian periodic in time},
    author={Shirley, Jon H},
    journal={Physical Review},
    volume={138},
    number={4B},
    pages={B979},
    year={1965},
    publisher={APS},
    doi={10.1103/PhysRev.138.B979}
}

@misc{doecode_9801,
    title = "{{H}ierarchical {D}ata {F}ormat version 5}",
    author = {{The HDF Group}},
    year = {2018},
    month = {Mar},
    doi={10.11578/dc.20180330.1}
}

@article{moore1974symmetrical,
    title={Symmetrical intersections of right circular cylinders},
    author={Moore, Moreton},
    journal={The Mathematical Gazette},
    volume={58},
    number={405},
    pages={181--185},
    year={1974},
    publisher={Cambridge University Press},
    doi={10.2307/3615957}
}

@article{zi2017laser,
    title={Laser frequency stabilization by combining modulation transfer and frequency modulation spectroscopy},
    author={Zi, Fei and Wu, Xuejian and Zhong, Weicheng and Parker, Richard H and Yu, Chenghui and Budker, Simon and Lu, Xuanhui and M{\"u}ller, Holger},
    journal={Applied Optics},
    volume={56},
    number={10},
    pages={2649--2652},
    year={2017},
    publisher={Optical Society of America},
    doi={10.1364/AO.56.002649}
}

@article{kozlov1995parity,
    title={Parity violation effects in diatomics},
    author={Kozlov, M.G.\ and Labzowsky, L.N.\ },
    journal={Journal of Physics B: Atomic, Molecular and Optical Physics},
    volume={28},
    number={10},
    pages={1933},
    year={1995},
    publisher={IOP Publishing},
    doi={10.1088/0953-4075/28/10/008}
}

@misc{steck2003cesium,
    title={Cesium {D} line data},
    author={Steck, Daniel A},
    year={2003}
}

@article{drever1983laser,
    title={Laser phase and frequency stabilization using an optical resonator},
    author={Drever, RWP and Hall, John L and Kowalski, FV and Hough, J and Ford, GM and Munley, AJ and Ward, H},
    journal={Applied Physics B},
    volume={31},
    number={2},
    pages={97--105},
    year={1983},
    publisher={Springer},
    doi={10.1007/BF00702605}
}

@article{mccarron2008modulation,
    title={Modulation transfer spectroscopy in atomic rubidium},
    author={McCarron, DJ and King, SA and Cornish, SL},
    journal={Measurement science and technology},
    volume={19},
    number={10},
    pages={105601},
    year={2008},
    publisher={IOP Publishing},
    doi={10.1088/0957-0233/19/10/105601}
}

@article{bjorklund1980frequency,
    title={Frequency-modulation spectroscopy: a new method for measuring weak absorptions and dispersions},
    author={Bjorklund, Gary C},
    journal={Optics letters},
    volume={5},
    number={1},
    pages={15--17},
    year={1980},
    publisher={Optical Society of America},
    doi={10.1364/OL.5.000015}
}

@book{pozar2006microwave,
    title={Microwave Engineering 3e},
    author={Pozar, David M},
    year={2006},
    publisher={Wiley}
}

@article{commins1994improved,
    title={Improved experimental limit on the electric dipole moment of the electron},
    author={Commins, Eugene D and Ross, Stephen B and DeMille, David and Regan, BC},
    journal={Physical Review A},
    volume={50},
    number={4},
    pages={2960},
    year={1994},
    publisher={APS},
    doi={10.1103/PhysRevA.50.2960}
}

@article{regan2002new,
    title={New limit on the electron electric dipole moment},
    author={Regan, BC and Commins, Eugene D and Schmidt, Christian J and DeMille, David},
    journal={Physical review letters},
    volume={88},
    number={7},
    pages={071805},
    year={2002},
    publisher={APS},
    doi={10.1103/PhysRevLett.88.071805}
}

@article{vutha2010search,
    title={Search for the electric dipole moment of the electron with thorium monoxide},
    author={Vutha, Amar C and Campbell, Wesley C and Gurevich, Yulia V and Hutzler, Nicholas R and Parsons, Maxwell and Patterson, David and Petrik, Elizabeth and Spaun, Benjamin and Doyle, John M and Gabrielse, Gerald and others},
    journal={Journal of Physics B: Atomic, Molecular and Optical Physics},
    volume={43},
    number={7},
    pages={074007},
    year={2010},
    publisher={IOP Publishing},
    doi={10.1088/0953-4075/43/7/074007}
}

@book{gottfried2013quantum,
    title={Quantum mechanics: fundamentals},
    author={Gottfried, Kurt and Yan, Tung-Mow},
    year={2013},
    publisher={Springer}
}

@article{angel1968hyperfine,
    title={The hyperfine structure {Stark} effect: {I.} {T}heory},
    author={Angel, James Roger Prior and Sandars, PGH},
    journal={Proceedings of the Royal Society of London. Series A. Mathematical and Physical Sciences},
    volume={305},
    number={1480},
    pages={125--138},
    year={1968},
    publisher={The Royal Society London},
    doi={10.1098/rspa.1968.0109}
}

@article{graner2016reduced,
    title={Reduced limit on the permanent electric dipole moment of {$^{199}$Hg}},
    author={Graner, Brent and Chen, Y and Lindahl, EG and Heckel, BR and others},
    journal={Physical review letters},
    volume={116},
    number={16},
    pages={161601},
    year={2016},
    publisher={APS},
    doi={10.1103/PhysRevLett.116.161601}
}

@article{griffith2009improved,
    title={Improved limit on the permanent electric dipole moment of {$^{199}$Hg}},
    author={Griffith, WC and Swallows, MD and Loftus, TH and Romalis, Michael V and Heckel, BR and Fortson, EN},
    journal={Physical review letters},
    volume={102},
    number={10},
    pages={101601},
    year={2009},
    publisher={APS},
    doi={10.1103/PhysRevLett.102.101601}
}

@article{romalis2001new,
    title={New limit on the permanent electric dipole moment of 199 Hg},
    author={Romalis, Michael V and Griffith, WC and Jacobs, JP and Fortson, EN},
    journal={Physical Review Letters},
    volume={86},
    number={12},
    pages={2505},
    year={2001},
    publisher={APS},
    doi={10.1103/PhysRevLett.86.2505}
}

@article{baker2006improved,
    title={Improved experimental limit on the electric dipole moment of the neutron},
    author={Baker, CA and Doyle, DD and Geltenbort, P and Green, K and Van der Grinten, MGD and Harris, PG and Iaydjiev, P and Ivanov, SN and May, DJR and Pendlebury, JM and others},
    journal={Physical Review Letters},
    volume={97},
    number={13},
    pages={131801},
    year={2006},
    publisher={APS},
    doi={10.1103/PhysRevLett.97.131801}
}

@article{spevak1997enhanced,
    title={Enhanced {$T$}-odd, {$P$}-odd electromagnetic moments in reflection asymmetric nuclei},
    author={Spevak, V and Auerbach, N and Flambaum, VV},
    journal={Physical Review C},
    volume={56},
    number={3},
    pages={1357},
    year={1997},
    publisher={APS},
    doi={10.1103/PhysRevC.56.1357}
}

@book{jackson1998classical,
    title={Classical Electrodynamics},
    author={Jackson, John D},
    year={1998},
    publisher={John Wiley \&\ Sons},
}

@article{flambaum1997time,
    title={Time invariance violating nuclear electric octupole moments},
    author={Flambaum, VV and Murray, DW and Orton, SR},
    journal={Physical Review C},
    volume={56},
    number={5},
    pages={2820},
    year={1997},
    publisher={APS},
    doi={10.1103/PhysRevC.56.2820}
}

@book{khriplovich1991parity,
    title={Parity nonconservation in atomic phenomena},
    author={Khriplovich, Iosif B},
    year={1991},
    publisher={Gordon and Breach science publishers}
}

@article{flanders1973differentiation,
    title={Differentiation under the integral sign},
    author={Flanders, Harley},
    journal={The American Mathematical Monthly},
    volume={80},
    number={6},
    pages={615--627},
    year={1973},
    publisher={Taylor \& Francis},
    doi={10.1080/00029890.1973.11993339}
}

@book{binney2013physics,
    title={The physics of quantum mechanics},
    author={Binney, James and Skinner, David},
    year={2013},
    publisher={Oxford University Press}
}

@article{millman1939determination,
    title={On the determination of the signs of nuclear magnetic moments by the molecular beam method of magnetic resonance},
    author={Millman, S},
    journal={Physical Review},
    volume={55},
    number={7},
    pages={628},
    year={1939},
    publisher={APS},
    doi={10.1103/PhysRev.55.628}
}

@phdthesis{schropp1988thesis,
    title={Search for time reversal symmetry violation in the hyperfine structure of thallium fluoride},
    author={Schropp, Donald Rodney Jr},
    school={Yale University},
    year=1988,
    month={December},
}

@phdthesis{cho1990thesis,
    title={Search for time reversal symmetry violation in thallium fluoride using a jet source},
    author={Cho, Donghyun},
    school={Yale University},
    year=1990,
    month={December},
}

@book{erdelyi1953higher,
    title={Higher transcendental functions. Volume {I}.},
    editor={A. Erdelyi},
    volume={I},
    publisher={McGraw-Hill},
    pages={59},
    year={1953}
}

@phdthesis{lasner2019thesis,
    title={Order-of-magnitude-tighter bound on the electron electric dipole moment},
    author={Lasner, Zack},
    school={Yale University},
    year=2019,
    month={May},
}

@book{budker2004atomic,
    title={Atomic physics: {An} exploration through problems and solutions},
    author={Budker, Dmitry and Kimball, Derek F and DeMille, David P},
    year={2004},
    publisher={Oxford University Press, USA}
}

@book{sakurai2011modern,
    title={Modern quantum mechanics},
    author={J.J. Sakurai, Jim Napolitano},
    edition={2},
    year={2011},
    publisher={Addison-Wesley}
}

@article{gould1970search,
    title={Search for an electric dipole moment in thallium},
    author={Gould, Harvey},
    journal={Physical Review Letters},
    volume={24},
    number={20},
    pages={1091},
    year={1970},
    publisher={APS},
    doi={10.1103/PhysRevLett.88.071805}
}

@article{pendlebury2015revised,
    title={Revised experimental upper limit on the electric dipole moment of the neutron},
    author={Pendlebury, JM and Afach, S and Ayres, NJ and Baker, CA and Ban, G and Bison, Georg and Bodek, Kazimierz and Burghoff, Martin and Geltenbort, Peter and Green, Katie and others},
    journal={Physical Review D},
    volume={92},
    number={9},
    pages={092003},
    year={2015},
    publisher={APS},
    doi={10.1103/PhysRevD.92.092003}
}

@book{bransden1990physics,
    title={Physics of atoms and molecules},
    author={B. H. Bransden and C. J. Joachain},
    year={1990},
    publisher={Longman Scientific \&\ Technical}
}

@article{stone2005table,
    title={Table of nuclear magnetic dipole and electric quadrupole moments},
    author={Stone, NJ},
    journal={Atomic Data and Nuclear Data Tables},
    volume={90},
    number={1},
    pages={75--176},
    year={2005},
    publisher={Elsevier},
    doi={10.1016/j.adt.2005.04.001}
}

@phdthesis{wenz2021thesis,
    title={Rotational Cooling and Coherent Effects in Molecular Beam Search for Nuclear {Schiff} Moment in Thallium Fluoride},
    author={Wenz, Konrad},
    school={Columbia University},
    year=2021,
    month={(expected)},
}

@book{metcalf2002laser,
    title={Laser cooling and trapping},
    author={H. J. Metcalf and P. van der Straten},
    year={2002},
    publisher={Springer-Verlang}
}

@article{dzuba2002electric,
    title={Electric dipole moments of {Hg}, {Xe}, {Rn}, {Ra}, {Pu}, and {TlF} induced by the nuclear {Schiff} moment and limits on time-reversal violating interactions},
    author={Dzuba, VA and Flambaum, VV and Ginges, JSM and Kozlov, MG},
    journal={Physical Review A},
    volume={66},
    number={1},
    pages={012111},
    year={2002},
    publisher={APS},
    doi={10.1103/PhysRevA.66.012111}
}

@article{ramsey1951phase,
    title={Phase shifts in the molecular beam method of separated oscillating fields},
    author={Ramsey, Norman F and Silsbee, Henry B},
    journal={Physical Review},
    volume={84},
    number={3},
    pages={506},
    year={1951},
    publisher={APS},
    doi={10.1103/PhysRev.84.506}
}

@phdthesis{regan2001thesis,
    title={A search for violation of time-reversal symmetry in atomic thallium},
    author={Brian Christopher Regan},
    school={University of California, Berkeley},
    year=2001,
    month={Spring},
}

@article{smith1957experimental,
    title={Experimental limit to the electric dipole moment of the neutron},
    author={Smith, JH and Purcell, EM and Ramsey, NF},
    journal={Physical Review},
    volume={108},
    number={1},
    pages={120},
    year={1957},
    publisher={APS},
    doi={10.1103/PhysRev.108.120}
}

@article{dress1968upper,
    title={Upper limit for the electric dipole moment of the neutron},
    author={Dress, WB and Baird, JK and Miller, PD and Ramsey, Norman F},
    journal={Physical Review},
    volume={170},
    number={5},
    pages={1200},
    year={1968},
    publisher={APS},
    doi={doi.org/10.1103/PhysRev.170.1200}
}

@article{abel2020measurement,
    title={Measurement of the permanent electric dipole moment of the neutron},
    author={Abel, Christopher and Afach, Samer and Ayres, Nicholas J and Baker, Colin A and Ban, Gilles and Bison, Georg and Bodek, Kazimierz and Bondar, V and Burghoff, M and Chanel, E and others},
    journal={Physical Review Letters},
    volume={124},
    number={8},
    pages={081803},
    year={2020},
    publisher={APS},
    doi = {10.1103/PhysRevLett.124.081803},
}

@article{lindsay1991scanningcavity,
author = {Lindsay,B. G.  and Smith,K. A.  and Dunning,F. B. },
title = {Control of long‐term output frequency drift in commercial dye lasers},
journal = {Review of Scientific Instruments},
volume = {62},
number = {6},
pages = {1656-1657},
year = {1991},
doi = {10.1063/1.1142452}
}

@article{jaffe1993scanningcavity,
author = {Jaffe,S. M.  and Rochon,M.  and Yen,W. M. },
title = {Increasing the frequency stability of single‐frequency lasers},
journal = {Review of Scientific Instruments},
volume = {64},
number = {9},
pages = {2475-2481},
year = {1993},
doi = {10.1063/1.1143906},
}

@article{zhao1998scanningcavity,
author = {Zhao,W. Z.  and Simsarian,J. E.  and Orozco,L. A.  and Sprouse,G. D. },
title = {A computer-based digital feedback control of frequency drift of multiple lasers},
journal = {Review of Scientific Instruments},
volume = {69},
number = {11},
pages = {3737-3740},
year = {1998},
doi = {10.1063/1.1149171},
}

@article{rossi2002scanningcavity,
author = {Rossi,A.  and Biancalana,V.  and Mai,B.  and Tomassetti,L. },
title = {Long-term drift laser frequency stabilization using purely optical reference},
journal = {Review of Scientific Instruments},
volume = {73},
number = {7},
pages = {2544-2548},
year = {2002},
doi = {10.1063/1.1487895},
}

@book{gbur2011optics,
place={Cambridge},
title={Mathematical Methods for Optical Physics and Engineering},
DOI={10.1017/CBO9780511777677},
publisher={Cambridge University Press},
author={Gbur, Gregory J.},
year={2011}
}

@article{kirilov2013shotnoise,
  title = {Shot-noise-limited spin measurements in a pulsed molecular beam},
  author = {Kirilov, E. and Campbell, W. C. and Doyle, J. M. and Gabrielse, G. and Gurevich, Y. V. and Hess, P. W. and Hutzler, N. R. and O'Leary, B. R. and Petrik, E. and Spaun, B. and Vutha, A. C. and DeMille, D.},
  journal = {Phys. Rev. A},
  volume = {88},
  number = {1},
  pages = {013844},
  numpages = {9},
  year = {2013},
  publisher = {American Physical Society},
  doi = {10.1103/PhysRevA.88.013844},
}

@article{andreev_improved_2018,
	title = {Improved limit on the electric dipole moment of the electron},
	volume = {562},
	doi = {10.1038/s41586-018-0599-8},
	number = {7727},
	journal = {Nature},
	author = {Andreev, V. and Ang, D. G. and DeMille, D. and Doyle, J. M. and Gabrielse, G. and Haefner, J. and Hutzler, N. R. and Lasner, Z. and Meisenhelder, C. and O’Leary, B. R. and Panda, C. D. and West, A. D. and West, E. P. and Wu, X. and {ACME Collaboration}},
	year = {2018},
	pages = {355--360}
}

@article{wittig_landauzener_2005,
	title = {The {Landau}−{Zener} {Formula}},
	volume = {109},
	doi = {10.1021/jp040627u},
	abstract = {The Landau−Zener formula for the probability that a nonadiabatic transition has taken place is derived without solving directly the usual second-order differential equation. This is achieved in just a few steps by using contour integration.},
	number = {17},
	journal = {The Journal of Physical Chemistry B},
	author = {Wittig, Curt},
	year = {2005},
	pages = {8428--8430}
}


@article{wall_nonadiabatic_2010,
	title = {Nonadiabatic transitions in a {Stark} decelerator},
	volume = {81},
	doi = {10.1103/PhysRevA.81.033414},
	number = {3},
	journal = {Physical Review A},
	author = {Wall, T. E. and Tokunaga, S. K. and Hinds, E. A. and Tarbutt, M. R.},
	month = mar,
	year = {2010},
	pages = {033414}
}

@article{PhysRevA.101.042501,
  title = {Time- and parity-violating effects of the nuclear {Schiff} moment in molecules and solids},
  author = {Flambaum, V. V. and Dzuba, V. A. and Tan, H. B. Tran},
  journal = {Phys. Rev. A},
  volume = {101},
  number = {4},
  pages = {042501},
  numpages = {5},
  year = {2020},
  month = {Apr},
  publisher = {American Physical Society},
  doi = {10.1103/PhysRevA.101.042501},
}

@article{PhysRevA.101.042504,
  title = {Electric dipole moments of atoms and molecules produced by enhanced nuclear {Schiff} moments},
  author = {Flambaum, V. V. and Dzuba, V. A.},
  journal = {Phys. Rev. A},
  volume = {101},
  number = {4},
  pages = {042504},
  numpages = {12},
  year = {2020},
  month = {Apr},
  publisher = {American Physical Society},
  doi = {10.1103/PhysRevA.101.042504},
}

@book{khriplovich1997,
  title= {{CP} Violation Without Strangeness},
  author = {Khriplovich, Iosif B. and Lamoreaux, Steve},
  publisher = {Springer},
  year = {1997},
  doi = {10.1007/978-3-642-60838-4}
 }
 
 @article{PhysRevLett.88.073001,
  title = {Calculation of {$\mathit{P},\mathit{T}$}-Odd Effects in {$^{205}\mathrm{TlF}$} Including Electron Correlation},
  author = {Petrov, A. N. and Mosyagin, N. S. and Isaev, T. A. and Titov, A. V. and Ezhov, V. F. and Eliav, E. and Kaldor, U.},
  journal = {Phys. Rev. Lett.},
  volume = {88},
  number = {7},
  pages = {073001},
  numpages = {4},
  year = {2002},
  month = {Jan},
  publisher = {American Physical Society},
  doi = {10.1103/PhysRevLett.88.073001},
}

@article{langheckerdenschlag2008,
  title = {Cruising through molecular bound-state manifolds with radiofrequency},
  author = {Lang, F. and Straten, P. and  Brandstätter et al., B.},
  journal = {Nature Physics},
  volume = {4},
  number = {3},
  pages = {223-226},
  year = {2008},
  doi = {10.1038/nphys838}
}

@article {WoodWiemanParity1997,
	author = {Wood, C. S. and Bennett, S. C. and Cho, D. and Masterson, B. P. and Roberts, J. L. and Tanner, C. E. and Wieman, C. E.},
	title = {Measurement of Parity Nonconservation and an Anapole Moment in Cesium},
	volume = {275},
	number = {5307},
	pages = {1759--1763},
	year = {1997},
	doi = {10.1126/science.275.5307.1759},
	publisher = {American Association for the Advancement of Science},
	abstract = {The amplitude of the parity-nonconserving transition between the 6S and 7S states of cesium was precisely measured with the use of a spin-polarized atomic beam. This measurement gives Im(E1pnc)/β = -1.5935(56) millivolts per centimeter and provides an improved test of the standard model at low energy, including a value for the S parameter of -1.3(3)exp (11)theory. The nuclear spin-dependent contribution was 0.077(11) millivolts per centimeter; this contribution is a manifestation of parity violation in atomic nuclei and is a measurement of the long-sought anapole moment.},
	journal = {Science}
}


@article{PhysRevA.101.042506,
  title = {$\mathrm{\ensuremath{\Lambda}}$ doubling in the ${B}^{3}{\mathrm{\ensuremath{\Pi}}}_{1}$ state of {TlF}},
  author = {Meijer, Gerard and Sartakov, Boris G.},
  journal = {Phys. Rev. A},
  volume = {101},
  number = {4},
  pages = {042506},
  numpages = {5},
  year = {2020},
  month = {Apr},
  publisher = {American Physical Society},
  doi = {10.1103/PhysRevA.101.042506}
}

@misc{clayburn2020measurement,
    title={Measurement of the Molecular Dipole Moment and the Hyperfine and Omega Doublet Splittings of the {$B^3\Pi_1$} state of Thallium Fluoride},
    author={Nathan B. Clayburn and Trevor H. Wright and Eric B. Norrgard and David DeMille and Larry R. Hunter},
    year={2020},
    note = {arXiv:2007.16101},
    archivePrefix={arXiv},
    eprint={2007.16101},
    primaryClass={physics.atom-ph}
}

@misc{privateHunter2019,
    author = {Larry R. Hunter and Nathan B. Clayburn},
    howpublished = {Private Communication},
    year = {2019},
    address = {Physics Department, Amherst College, Amherst, Massachusetts 01002, USA},
    note = {Physics Department, Amherst College, Amherst, Massachusetts 01002, USA}
}

@article{PhysRevLett.38.1440,
  title = {{$\mathrm{CP}$} Conservation in the Presence of Pseudoparticles},
  author = {Peccei, R. D. and Quinn, Helen R.},
  journal = {Phys. Rev. Lett.},
  volume = {38},
  number = {25},
  pages = {1440--1443},
  numpages = {0},
  year = {1977},
  publisher = {American Physical Society},
  doi = {10.1103/PhysRevLett.38.1440},
}

@article{GingesFlambaum2004,
title = "Violations of fundamental symmetries in atoms and tests of unification theories of elementary particles",
journal = "Physics Reports",
volume = "397",
number = "2",
pages = "63 - 154",
year = "2004",
doi = "10.1016/j.physrep.2004.03.005",
author = "J.S.M. Ginges and V.V. Flambaum",
abstract = "High-precision measurements of violations of fundamental symmetries in atoms are a very effective means of testing the standard model of elementary particles and searching for new physics beyond it. Such studies complement measurements at high energies. We review the recent progress in atomic parity nonconservation and atomic electric dipole moments (time reversal symmetry violation), with a particular focus on the atomic theory required to interpret the measurements."
}

@article{PhysRevLett.50.925,
  title = {Can Galactic Halos Be Made of Axions?},
  author = {Ipser, J. and Sikivie, P.},
  journal = {Phys. Rev. Lett.},
  volume = {50},
  number = {12},
  pages = {925--927},
  numpages = {0},
  year = {1983},
  publisher = {American Physical Society},
  doi = {10.1103/PhysRevLett.50.925},
}

@article{PRESKILL1983127,
title = "Cosmology of the invisible axion",
journal = "Physics Letters B",
volume = "120",
number = "1",
pages = "127 - 132",
year = "1983",
doi = "https://doi.org/10.1016/0370-2693(83)90637-8",
author = "John Preskill and Mark B. Wise and Frank Wilczek",
abstract = "We identify a new cosmological problem for models which solve the strong CP puzzle with an invisible axion, unrelated to the domain wall problem. Because the axion is very weakly coupled, the energy density stored in the oscillations of the classical axion field does not dissipate rapidly; it exceeds the critical density needed to close the universe unless fa ⩽ 1012GeV, wherefa is the axion decay constant. If this bound is saturated, axions may comprise the dark matter of the universe."
}

@article{PhysRevLett.124.101303,
  title = {Extended Search for the Invisible Axion with the Axion Dark Matter Experiment},
  author = {Braine, T. and Cervantes, R. and Crisosto, N. and Du, N. and Kimes, S. and Rosenberg, L. J. and Rybka, G. and Yang, J. and Bowring, D. and Chou, A. S. and Khatiwada, R. and Sonnenschein, A. and Wester, W. and Carosi, G. and Woollett, N. and Duffy, L. D. and Bradley, R. and Boutan, C. and Jones, M. and LaRoque, B. H. and Oblath, N. S. and Taubman, M. S. and Clarke, J. and Dove, A. and Eddins, A. and O'Kelley, S. R. and Nawaz, S. and Siddiqi, I. and Stevenson, N. and Agrawal, A. and Dixit, A. V. and Gleason, J. R. and Jois, S. and Sikivie, P. and Solomon, J. A. and Sullivan, N. S. and Tanner, D. B. and Lentz, E. and Daw, E. J. and Buckley, J. H. and Harrington, P. M. and Henriksen, E. A. and Murch, K. W.},
  collaboration = {ADMX Collaboration},
  journal = {Phys. Rev. Lett.},
  volume = {124},
  number = {10},
  pages = {101303},
  numpages = {6},
  year = {2020},
  publisher = {American Physical Society},
  doi = {10.1103/PhysRevLett.124.101303},
}

@article{doi:10.1002/qua.20418,
    author = {Titov, A. V. and Mosyagin, N. S. and Petrov, A. N. and Isaev, T. A.},
    title = {Two-step method for precise calculation of core properties in molecules},
    journal = {International Journal of Quantum Chemistry},
    volume = {104},
    issue = {2},
    pages = {223-239},
    keywords = {ab initio molecular calculation, atom in a molecule, electronic structure, molecules with heavy atoms, one-center restoration, relativistic effective core potential},
    doi = {10.1002/qua.20418},
    abstract = {Abstract Precise calculations of core properties in heavy-atom systems that are described by the operators heavily concentrated in atomic cores, such as hyperfine structure and P,T-parity nonconservation effects, require accounting for relativistic effects. Unfortunately, four-component calculation of molecules containing heavy elements is very consuming already at the stages of calculation and transformation of two-electron integrals with a basis set of four-component spinors. In turn, the relativistic effective core potential (RECP) calculations of valence (spectroscopic, chemical, etc.) properties of molecules are very popular, because the RECP method allows one to treat quite satisfactorily the correlation and relativistic effects for the valence electrons of a molecule and to reduce significantly the computational efforts. The valence molecular spinors are usually smoothed in atomic cores, and, as a result, direct calculation of electronic densities near heavy nuclei is impossible. In this paper, the methods of nonvariational and variational one-center restoration of correct shapes of four-component spinors in atomic cores after a two-component RECP calculation of a molecule are discussed. Their efficiency is illustrated in correlation calculations of hyperfine structure and parity nonconservation effects in heavy-atom molecules YbF, BaF, TlF, and PbO. © 2004 Wiley Periodicals, Inc. Int J Quantum Chem, 2005},
    year = {2005}
}

@article{doi:10.1080/00268976.2020.1767814,
    author = {Minori Abe and Takashi Tsutsui and Jörgen Ekman and Masahiko Hada and Bhanu Das},
    title = {Accurate determination of the enhancement factor \textrm{X} for the nuclear {Schiff} moment in $^{205}$\textrm{TlF} molecule based on the four-component relativistic coupled-cluster theory},
    journal = {Molecular Physics},
    volume = {},
    number = {},
    pages = {1-7},
    year  = {2020},
    publisher = {Taylor & Francis},
    doi = {10.1080/00268976.2020.1767814},
    },
    eprint = { 
            https://doi.org/10.1080/00268976.2020.1767814
    }
}

@article{ShumanRadiative,
  title = {Radiative Force from Optical Cycling on a Diatomic Molecule},
  author = {Shuman, E. S. and Barry, J. F. and Glenn, D. R. and DeMille, D.},
  journal = {Phys. Rev. Lett.},
  volume = {103},
  number = {22},
  pages = {223001},
  numpages = {4},
  year = {2009},
  publisher = {American Physical Society},
  doi = {10.1103/PhysRevLett.103.223001},
}

@article{BerkelandBoshier2002,
  title = {Destabilization of dark states and optical spectroscopy in {Zeeman}-degenerate atomic systems},
  author = {Berkeland, D. J. and Boshier, M. G.},
  journal = {Phys. Rev. A},
  volume = {65},
  number = {3},
  pages = {033413},
  numpages = {13},
  year = {2002},
  month = {Feb},
  publisher = {American Physical Society},
  doi = {10.1103/PhysRevA.65.033413},
}

@article{YeMicrowaveRemix,
  title = {Rotational State Microwave Mixing for Laser Cooling of Complex Diatomic Molecules},
  author = {Yeo, Mark and Hummon, Matthew T. and Collopy, Alejandra L. and Yan, Bo and Hemmerling, Boerge and Chae, Eunmi and Doyle, John M. and Ye, Jun},
  journal = {Phys. Rev. Lett.},
  volume = {114},
  number = {22},
  pages = {223003},
  numpages = {5},
  year = {2015},
  publisher = {American Physical Society},
  doi = {10.1103/PhysRevLett.114.223003},
}


@article{Tarbutt_2013,
	doi = {10.1088/1367-2630/15/5/053034},
	year = 2013,
	month = {may},
	publisher = {{IOP} Publishing},
	volume = {15},
	number = {5},
	pages = {053034},
	author = {M R Tarbutt and B E Sauer and J J Hudson and E A Hinds},
	title = {Design for a fountain of {YbF} molecules to measure the electron{\textquotesingle}s electric dipole moment},
	journal = {New Journal of Physics},
	abstract = {We propose an experiment to measure the electric dipole moment (EDM) of the electron using ultracold YbF molecules. The molecules are produced as a thermal beam by a cryogenic buffer gas source, and brought to rest in an optical molasses that cools them to the Doppler limit or below. The molecular cloud is then thrown upward to form a fountain in which the EDM of the electron is measured. A non-zero result would be unambiguous proof of new elementary particle interactions, beyond the standard model.}
}

@incollection{mukherjee_chapter_2018,
	title = {Chapter 1 - {Stark}-{Induced} {Adiabatic} {Passage} {Processes} to {Selectively} {Prepare} {Vibrationally} {Excited} {Single} and {Superposition} of {Quantum} {States}},
	isbn = {978-0-12-811220-5},
	url = {http://www.sciencedirect.com/science/article/pii/B9780128112205000010},
	urldate = {2020-08-25},
	booktitle = {Frontiers and {Advances} in {Molecular} {Spectroscopy}},
	publisher = {Elsevier},
	author = {Mukherjee, Nandini and Perreault, William E. and Zare, Richard N.},
	editor = {Laane, Jaan},
	month = jan,
	year = {2018},
	doi = {10.1016/B978-0-12-811220-5.00001-0},
	keywords = {Adiabatic passage, Stark chirping, Stimulated Raman, Vibrational excitation},
	pages = {1--46},
}

@book{jiles2015magnetism,
    title={Introduction to Magnetism and Magnetic Materials},
    author={Jiles, David},
    edition={3},
    year={2015},
    publisher={CRC Press}
}

@article{rogowski1923profile,
    doi = {10.1007/BF01656573},
    year = 1923,
    journal = {Archiv für Elektrotechnik},
    author = {Rogowski, Walter},
    volume = {12},
    number = {1},
    title = {Die elektrische {Festigkeit} am {Rande} des {Plattenkondensators} },
    numpages = {15}
}

@book{highvoltage2000,
author = "E. Kuffel and W.S. Zaengl and J. Kuffel",
title = "High Voltage Engineering Fundamentals",
publisher = "Newnes",
edition = "2nd",
address = "Oxford",
pages = "533 - 539",
year = "2000",
doi = "https://doi.org/10.1016/B978-075063634-6/50011-3",
}

@article{Patterson_2009,
	doi = {10.1088/1367-2630/11/5/055018},
	year = 2009,
	month = {may},
	publisher = {{IOP} Publishing},
	volume = {11},
	number = {5},
	pages = {055018},
	author = {David Patterson and Julia Rasmussen and John M Doyle},
	title = {Intense atomic and molecular beams via neon buffer-gas cooling},
	journal = {New Journal of Physics},
}

@article{PhysRevA.97.032704,
  title = {Optimized cell geometry for buffer-gas-cooled molecular-beam sources},
  author = {Singh, Vijay and Samanta, Amit K. and Roth, Nils and Gusa, Daniel and Ossenbr\"uggen, Tim and Rubinsky, Igor and Horke, Daniel A. and K\"upper, Jochen},
  journal = {Phys. Rev. A},
  volume = {97},
  issue = {3},
  pages = {032704},
  numpages = {6},
  year = {2018},
  month = {Mar},
  publisher = {American Physical Society},
  doi = {10.1103/PhysRevA.97.032704},
}

@article{Patterson_2007,
author = {Patterson,David  and Doyle,John M. },
title = {Bright, guided molecular beam with hydrodynamic enhancement},
journal = {The Journal of Chemical Physics},
volume = {126},
issue = {15},
pages = {154307},
year = {2007},
doi = {10.1063/1.2717178},
}

@Article{Patterson_2015,
author ="Patterson, David and Doyle, John M.",
title  ="A slow{,} continuous beam of cold benzonitrile",
journal  ="Phys. Chem. Chem. Phys.",
year  ="2015",
volume  ="17",
issue  ="7",
pages  ="5372-5375",
publisher  ="The Royal Society of Chemistry",
doi  ="10.1039/C4CP03818E",
}

@article{PhysRevA.60.1717,
  title = {Feeble magnetic fields generated by thermal charge fluctuations in extended metallic conductors: {I}mplications for electric-dipole moment experiments},
  author = {Lamoreaux, S. K.},
  journal = {Phys. Rev. A},
  volume = {60},
  issue = {2},
  pages = {1717--1720},
  numpages = {0},
  year = {1999},
  publisher = {American Physical Society},
  doi = {10.1103/PhysRevA.60.1717},
}

@article{doi:10.1063/1.2737357,
author = {Kornack,T. W.  and Smullin,S. J.  and Lee,S.-K.  and Romalis,M. V. },
title = {A low-noise ferrite magnetic shield},
journal = {Applied Physics Letters},
volume = {90},
issue = {22},
pages = {223501},
year = {2007},
doi = {10.1063/1.2737357},
}

@article{doi:10.1063/1.2885711,
author = {Lee,S.-K.  and Romalis,M. V. },
title = {Calculation of magnetic field noise from high-permeability magnetic shields and conducting objects with simple geometry},
journal = {Journal of Applied Physics},
volume = {103},
issue = {8},
pages = {084904},
year = {2008},
doi = {10.1063/1.2885711},
}


@article{EckelDemillePbO_2013,
	title = {Search for the electron electric dipole moment using {$\Omega$}-doublet levels in {PbO}},
	volume = {87},
	doi = {10.1103/PhysRevA.87.052130},
	number = {5},
	journal = {Physical Review A},
	author = {Eckel, S. and Hamilton, P. and Kirilov, E. and Smith, H. W. and DeMille, D.},
	month = may,
	year = {2013},
	pages = {052130},
}



@inproceedings{DeMille2001Search,
  title = {Search for the Electric Dipole Moment of the Electron Using Metastable {PbO}},
  author = {DeMille, D. and Bay, F. and Bickman, S. and Kawall, D. and Hunter, L. and Krause Jr., D. and Maxwell, S. and Ulmer, K.},
  booktitle = {Art and Symmetry in Experimental Physics: Festschrift for Eugene D. Commins},
  series = {AIP Conference Proceedings},
  volume = {596},
  editor = {Budker, D. and Bucksbaum, P.H.and Freedman, S.J.},
  pages = {72},
  year = {2001},
  doi = {10.1063/1.1426795}
}

@article{PhysRevD.89.043522,
  title = {Axion-induced effects in atoms, molecules, and nuclei: Parity nonconservation, anapole moments, electric dipole moments, and spin-gravity and spin-axion momentum couplings},
  author = {Stadnik, Y. V. and Flambaum, V. V.},
  journal = {Phys. Rev. D},
  volume = {89},
  issue = {4},
  pages = {043522},
  numpages = {14},
  year = {2014},
  publisher = {American Physical Society},
  doi = {10.1103/PhysRevD.89.043522},
}

@article{PhysRevLett.120.013202,
  title = {Improved Limits on Axionlike-Particle-Mediated {$P$, $T$}-Violating Interactions between Electrons and Nucleons from Electric Dipole Moments of Atoms and Molecules},
  author = {Stadnik, Y. V. and Dzuba, V. A. and Flambaum, V. V.},
  journal = {Phys. Rev. Lett.},
  volume = {120},
  issue = {1},
  pages = {013202},
  numpages = {5},
  year = {2018},
  publisher = {American Physical Society},
  doi = {10.1103/PhysRevLett.120.013202}
}

@article{PhysRevD.98.035048,
  title = {New constraints on axion-mediated {$P$, $T$}-violating interaction from electric dipole moments of diamagnetic atoms},
  author = {Dzuba, V. A. and Flambaum, V. V. and Samsonov, I. B. and Stadnik, Y. V.},
  journal = {Phys. Rev. D},
  volume = {98},
  issue = {3},
  pages = {035048},
  numpages = {5},
  year = {2018},
  publisher = {American Physical Society},
  doi = {10.1103/PhysRevD.98.035048}
}

@article{PhysRevA.98.053823,
  title = {Statistical sensitivity of phase measurements via laser-induced fluorescence with optical cycling detection},
  author = {Lasner, Zack and DeMille, D.},
  journal = {Phys. Rev. A},
  volume = {98},
  issue = {5},
  pages = {053823},
  numpages = {5},
  year = {2018},
  publisher = {American Physical Society},
  doi = {10.1103/PhysRevA.98.053823},
}





% Required fields: author, title, booktitle, year.
% Optional fields: editor, volume or number, series, pages, address, month, organization, publisher, note.

