@inproceedings{garcia2022gender,
  title={Gender Influence on Communication Initiated within Student Teams},
  author={Garcia, Rita and Liao, Chieh-Ju and Pearce, Ariane and Treude, Christoph},
  booktitle={Proceedings of the 53rd ACM Technical Symposium on Computer Science Education V.~1},
  pages={432--438},
  year={2022}
}

@article{masood2022like,
  title={Like, dislike, or just do it? How developers approach software development tasks},
  author={Masood, Zainab and Hoda, Rashina and Blincoe, Kelly and Damian, Daniela},
  journal={Information and Software Technology},
  pages={106963},
  year={2022},
  publisher={Elsevier}
}

@article{terrell2017gender,
  title={Gender differences and bias in open source: Pull request acceptance of women versus men},
  author={Terrell, Josh and Kofink, Andrew and Middleton, Justin and Rainear, Clarissa and Murphy-Hill, Emerson and Parnin, Chris and Stallings, Jon},
  journal={PeerJ Computer Science},
  volume={3},
  pages={e111},
  year={2017},
  publisher={PeerJ Inc.}
}

@inproceedings{wang2019implicit,
  title={Implicit gender biases in professional software development: An empirical study},
  author={Wang, Yi and Redmiles, David},
  booktitle={Proceedings of the 41st ACM/IEEE International Conference on Software Engineering: Software Engineering in Society},
  pages={1--10},
  year={2019},
  organization={IEEE}
}

@article{brough2011women,
  title={Women in astronomy workshop report},
  author={Brough, Sarah and Bauer, Amanda E and Brooks, Kate and Hopkins, Andrew and Maddison, Sarah},
  journal={arXiv preprint arXiv:1106.6094},
  year={2011}
}

@inproceedings{vasilescu2015gender,
  title={Gender and tenure diversity in {GitHub} teams},
  author={Vasilescu, Bogdan and Posnett, Daryl and Ray, Baishakhi and van den Brand, Mark GJ and Serebrenik, Alexander and Devanbu, Premkumar and Filkov, Vladimir},
  booktitle={Proceedings of the 33rd Annual ACM Conference on Human Factors in Computing Systems},
  pages={3789--3798},
  year={2015}
}

@inproceedings{robillard2021turnover,
  title={Turnover-induced knowledge loss in practice},
  author={Robillard, Martin P},
  booktitle={Proceedings of the 29th ACM Joint Meeting on European Software Engineering Conference and Symposium on the Foundations of Software Engineering},
  pages={1292--1302},
  year={2021}
}

@inproceedings{bordia2019identifying,
  title={Identifying and Reducing Gender Bias in Word-Level Language Models},
  author={Bordia, Shikha and Bowman, Samuel},
  booktitle={Proceedings of the Conference of the North American Chapter of the Association for Computational Linguistics: Student Research Workshop},
  pages={7--15},
  year={2019}
}

@article{caliskan2017semantics,
  title={Semantics derived automatically from language corpora contain human-like biases},
  author={Caliskan, Aylin and Bryson, Joanna J and Narayanan, Arvind},
  journal={Science},
  volume={356},
  number={6334},
  pages={183--186},
  year={2017},
  publisher={American Association for the Advancement of Science}
}

@inproceedings{prabhumoye2018style,
  title={Style Transfer Through Back-Translation},
  author={Prabhumoye, Shrimai and Tsvetkov, Yulia and Salakhutdinov, Ruslan and Black, Alan W},
  booktitle={Proceedings of the 56th Annual Meeting of the Association for Computational Linguistics (Volume 1: Long Papers)},
  pages={866--876},
  year={2018}
}

@inproceedings{liang2021towards,
  title={Towards understanding and mitigating social biases in language models},
  author={Liang, Paul Pu and Wu, Chiyu and Morency, Louis-Philippe and Salakhutdinov, Ruslan},
  booktitle={Proceedings of the International Conference on Machine Learning},
  pages={6565--6576},
  year={2021},
  organization={PMLR}
}

@inproceedings{liu2021mitigating,
  title={Mitigating political bias in language models through reinforced calibration},
  author={Liu, Ruibo and Jia, Chenyan and Wei, Jason and Xu, Guangxuan and Wang, Lili and Vosoughi, Soroush},
  booktitle={Proceedings of the AAAI Conference on Artificial Intelligence},
  volume={35},
  number={17},
  pages={14857--14866},
  year={2021}
}

@inproceedings{huang2020reducing,
  title={Reducing Sentiment Bias in Language Models via Counterfactual Evaluation},
  author={Huang, Po-Sen and Zhang, Huan and Jiang, Ray and Stanforth, Robert and Welbl, Johannes and Rae, Jack and Maini, Vishal and Yogatama, Dani and Kohli, Pushmeet},
  booktitle={Findings of the Association for Computational Linguistics: EMNLP 2020},
  pages={65--83},
  year={2020}
}



@INPROCEEDINGS{6542459,
  author={Vasilescu, Bogdan and Capiluppi, Andrea and Serebrenik, Alexander},
  booktitle={Proceedings of the International Conference on Social Informatics}, 
  title={Gender, Representation and Online Participation: A Quantitative Study of {StackOverflow}}, 
  year={2012},
  pages={332-338},
}

@InProceedings{10.1007/978-3-642-33442-9_6,
author="Kuechler, Victor
and Gilbertson, Claire
and Jensen, Carlos",
editor="Hammouda, Imed
and Lundell, Bj{\"o}rn
and Mikkonen, Tommi
and Scacchi, Walt",
title="Gender Differences in Early Free and Open Source Software Joining Process",
booktitle="Proceedings of Open Source Systems: Long-Term Sustainability",
year="2012",
pages="78--93",
}

@book{fishman1997interaction,
  title={Interaction: The work women do},
  author={Fishman, Pamela M},
  year={1997},
  publisher={Springer}
}

@article{renstrom2022gender,
  title={Are Gender-Neutral Pronouns Really Neutral? {T}esting a Male Bias in the Grammatical Genderless Languages {T}urkish and {F}innish},
  author={Renstr{\"o}m, Emma A and Lindqvist, Anna and Akbas, Gulcin and Hekanaho, Laura and Send{\'e}n, Marie Gustafsson},
  journal={Journal of Language and Social Psychology},
  pages={0261927X221146229},
  year={2022},
  publisher={SAGE Publications Sage CA: Los Angeles, CA}
}

@inproceedings{10.1145/2814189.2815369,
author = {Kofink, Andrew},
title = {Contributions of the Under-Appreciated: Gender Bias in an Open-Source Ecology},
year = {2015},
booktitle = {Companion Proceedings of the ACM SIGPLAN International Conference on Systems, Programming, Languages and Applications: Software for Humanity},
pages = {83–84},
}

@ARTICLE{8491276,
  author={Izquierdo, Daniel and Huesman, Nicole and Serebrenik, Alexander and Robles, Gregorio},
  journal={IEEE Software}, 
  title={{OpenStack} Gender Diversity Report}, 
  year={2019},
  volume={36},
  number={1},
  pages={28-33},
}


@inproceedings{10.1109/ICSE.2019.00077,
author = {Lee, Amanda and Carver, Jeffrey C.},
title = {{FLOSS} Participants' Perceptions about Gender and Inclusiveness: A Survey},
year = {2019},
booktitle = {Proceedings of the 41st International Conference on Software Engineering},
pages = {677–687},
}

@inproceedings{10.1109/ICSE-SEIS.2019.00010,
author = {Catolino, Gemma and Palomba, Fabio and Tamburri, Damian A. and Serebrenik, Alexander and Ferrucci, Filomena},
title = {Gender Diversity and Women in Software Teams: How Do They Affect Community Smells?},
year = {2019},
booktitle = {Proceedings of the 41st International Conference on Software Engineering: Software Engineering in Society},
pages = {11–20},
}

@ARTICLE{9055190,
  author={Padala, Hema Susmita and Mendez, Christopher and Fronchetti, Felipe and Steinmacher, Igor and Steine-Hanson, Zoe and Hilderbrand, Claudia and Horvath, Amber and Hill, Charles and Simpson, Logan and Burnett, Margaret and Gerosa, Marco and Sarma, Anita},
  journal={IEEE Transactions on Software Engineering}, 
  title={How Gender-Biased Tools Shape Newcomer Experiences in {OSS} Projects}, 
  year={2022},
  volume={48},
  number={1},
  pages={241-259},
}

@ARTICLE{9120355,
  author={Russo, Daniel and Stol, Klaas-Jan},
  journal={IEEE Transactions on Software Engineering}, 
  title={Gender Differences in Personality Traits of Software Engineers}, 
  year={2022},
  volume={48},
  number={3},
  pages={819-834},
}

@ARTICLE{9466393,
  author={Prana, Gede Artha Azriadi and Ford, Denae and Rastogi, Ayushi and Lo, David and Purandare, Rahul and Nagappan, Nachiappan},
  journal={IEEE Transactions on Software Engineering}, 
  title={Including Everyone, Everywhere: Understanding Opportunities and Challenges of Geographic Gender-Inclusion in {OSS}}, 
  year={2022},
  volume={48},
  number={9},
  pages={3394-3409},
}

@inproceedings{10.1145/3510458.3513011,
author = {Rossi, Davide and Zacchiroli, Stefano},
title = {Worldwide Gender Differences in Public Code Contributions: And How They Have Been Affected by the {COVID-19} Pandemic},
year = {2022},
booktitle = {Proceedings of the 44th ACM/IEEE International Conference on Software Engineering: Software Engineering in Society},
pages = {172–183},
}

@article{meyer2019today,
  title={Today was a good day: The daily life of software developers},
  author={Meyer, Andr{\'e} N and Barr, Earl T and Bird, Christian and Zimmermann, Thomas},
  journal={IEEE Transactions on Software Engineering},
  volume={47},
  number={5},
  pages={863--880},
  year={2019},
  publisher={IEEE}
}

@article{licorish2017exploring,
  title={Exploring software developers’ work practices: Task differences, participation, engagement, and speed of task resolution},
  author={Licorish, Sherlock A and MacDonell, Stephen G},
  journal={Information \& Management},
  volume={54},
  number={3},
  pages={364--382},
  year={2017},
  publisher={Elsevier}
}

@inproceedings{graziotin2017unhappiness,
  title={On the unhappiness of software developers},
  author={Graziotin, Daniel and Fagerholm, Fabian and Wang, Xiaofeng and Abrahamsson, Pekka},
  booktitle={Proceedings of the 21st International Conference on Evaluation and Assessment in Software Engineering},
  pages={324--333},
  year={2017}
}

@inproceedings{ford2015exploring,
  title={Exploring causes of frustration for software developers},
  author={Ford, Denae and Parnin, Chris},
  booktitle={Proceedings of the 8th IEEE/ACM International Workshop on Cooperative and Human Aspects of Software Engineering},
  pages={115--116},
  year={2015},
  organization={IEEE}
}

@article{milewski2007global,
  title={Global and task effects in information-seeking among software engineers},
  author={Milewski, Allen E},
  journal={Empirical Software Engineering},
  volume={12},
  number={3},
  pages={311--326},
  year={2007},
  publisher={Springer}
}

@article{glass1992software,
  title={Software tasks: Intellectual or clerical?},
  author={Glass, Robert L and Vessey, Iris and Conger, Sue A},
  journal={Information \& Management},
  volume={23},
  number={4},
  pages={183--191},
  year={1992},
  publisher={Elsevier}
}

@inproceedings{murgia2014developers,
  title={Do developers feel emotions? {A}n exploratory analysis of emotions in software artifacts},
  author={Murgia, Alessandro and Tourani, Parastou and Adams, Bram and Ortu, Marco},
  booktitle={Proceedings of the 11th Working Conference on Mining Software Repositories},
  pages={262--271},
  year={2014}
}

@inproceedings{madampe2020towards,
  title={Towards understanding emotional response to requirements changes in {Agile} teams},
  author={Madampe, Kashumi and Hoda, Rashina and Singh, Paramvir},
  booktitle={Proceedings of the 42nd ACM/IEEE International Conference on Software Engineering: New Ideas and Emerging Results},
  pages={37--40},
  year={2020}
}

@inproceedings{10.1109/ICSE.2019.00079,
author = {Imtiaz, Nasif and Middleton, Justin and Chakraborty, Joymallya and Robson, Neill and Bai, Gina and Murphy-Hill, Emerson},
title = {Investigating the Effects of Gender Bias on {GitHub}},
year = {2019},
publisher = {IEEE Press},
url = {https://doi.org/10.1109/ICSE.2019.00079},
doi = {10.1109/ICSE.2019.00079},
booktitle = {Proceedings of the 41st International Conference on Software Engineering},
pages = {700–711},
numpages = {12},
keywords = {GitHub, open source, gender},
location = {Montreal, Quebec, Canada},
series = {ICSE '19}
}

@article{10.1145/3457607,
author = {Mehrabi, Ninareh and Morstatter, Fred and Saxena, Nripsuta and Lerman, Kristina and Galstyan, Aram},
title = {A Survey on Bias and Fairness in Machine Learning},
year = {2021},
issue_date = {July 2022},
publisher = {Association for Computing Machinery},
address = {New York, NY, USA},
volume = {54},
number = {6},
issn = {0360-0300},
url = {https://doi.org/10.1145/3457607},
doi = {10.1145/3457607},
journal = {ACM Computing Surveys},
month = {jul},
articleno = {115},
numpages = {35},
keywords = {Fairness and bias in artificial intelligence, representation learning, deep learning, natural language processing, machine learning}
}