
@article{Zareei2015,
  title={Cloaking in shallow-water waves via nonlinear medium transformation},
  author={Zareei, A. and Alam, M. R.},
  journal={Journal of Fluid Mechanics},
  volume={778},
  pages={273--287},
  year={2015}
}

@article{guild2011cancellation,
  title={Cancellation of acoustic scattering from an elastic sphere},
  author={Guild, Matthew D and Alu, Andrea and Haberman, Michael R},
  journal={The Journal of the Acoustical Society of America},
  volume={129},
  number={3},
  pages={1355--1365},
  year={2011},
  publisher={Acoustical Society of America}
}


@article{alu2005achieving,
  title={Achieving transparency with plasmonic and metamaterial coatings},
  author={Al{\`u}, Andrea and Engheta, Nader},
  journal={Physical Review E},
  volume={72},
  number={1},
  pages={016623},
  year={2005},
  publisher={APS}
}

@article{zareei2017broadband,
  title={Broadband cloaking of flexural waves},
  author={Zareei, A. and Alam, M. R.},
  journal={Physical Review E},
  volume={95},
  number={6},
  pages={063002},
  year={2017},
  publisher={APS}
}

@article{darabi2018experimental,
  title={Experimental demonstration of an ultrabroadband nonlinear cloak for flexural waves},
  author={Darabi, A. and Zareei, A. and Alam, M. R. and Leamy, M. J.},
  journal={Physical review letters},
  volume={121},
  number={17},
  pages={174301},
  year={2018},
  publisher={APS}
}

@article{darabi2018broadband,
  title={Broadband bending of flexural waves: acoustic shapes and patterns},
  author={Darabi, A. and Zareei, A. and Alam, M. R. and Leamy, M. J.},
  journal={Scientific reports},
  volume={8},
  number={1},
  pages={1--7},
  year={2018},
  publisher={Nature Publishing Group}
}

@article{zareei2018continuous,
  title={Continuous profile flexural GRIN lens: Focusing and harvesting flexural waves},
  author={Zareei, A. and Darabi, A. and Leamy, M. J. and Alam, M. R.},
  journal={Applied Physics Letters},
  volume={112},
  number={2},
  pages={023901},
  year={2018},
  publisher={AIP Publishing LLC}
}

@inproceedings{zareei2016cloaking,
  title={Cloaking by a floating thin plate},
  author={Zareei, A. and Alam, M. R.},
  booktitle={Proceedings of 31st Workshop on Water Waves and Floating Bodies, Michigan, USA},
  pages={197--200},
  year={2016}
}

@article{Cummer2007,
  author={Cummer, S. A. and Schurig, D.},
  title={One path to acoustic cloaking},
  journal={New Journal of Physics},
  volume={9},
  number={3},
  pages={45},
  url={http://stacks.iop.org/1367-2630/9/i=3/a=045},
  year={2007},
  abstract={A complete analysis of coordinate transformations in elastic media by Milton et al has shown that, in general, the equations of motion are not form invariant and thus do not admit transformation-type solutions of the type discovered by Pendry et al for electromagnetics. However, in a two-dimensional (2D) geometry, the acoustic equations in a fluid are identical in form to the single polarization Maxwell equations via a variable exchange that also preserves boundary conditions. We confirm the existence of transformation-type solutions for the 2D acoustic equations with anisotropic mass via time harmonic simulations of acoustic cloaking. We discuss the possibilities of experimentally demonstrating acoustic cloaking and analyse why this special equivalence of acoustics and electromagnetics occurs only in 2D.}
}

@article {Pendry2006,
	author = {Pendry, J. B. and Schurig, D. and Smith, D. R.},
	title = {Controlling Electromagnetic Fields},
	volume = {312},
	number = {5781},
	pages = {1780--1782},
	year = {2006},
	doi = {10.1126/science.1125907},
	publisher = {American Association for the Advancement of Science},
	abstract = {Using the freedom of design that metamaterials provide, we show how electromagnetic fields can be redirected at will and propose a design strategy. The conserved fields{\textemdash}electric displacement field D, magnetic induction field B, and Poynting vector B{\textemdash}are all displaced in a consistent manner. A simple illustration is given of the cloaking of a proscribed volume of space to exclude completely all electromagnetic fields. Our work has relevance to exotic lens design and to the cloaking of objects from electromagnetic fields.},
	issn = {0036-8075},
	URL = {http://science.sciencemag.org/content/312/5781/1780},
	eprint = {http://science.sciencemag.org/content/312/5781/1780.full.pdf},
	journal = {Science}
}

@article{Chen2007,
author = {Chen, H. and Chan, C.T.},
title = {Acoustic cloaking in three dimensions using acoustic metamaterials},
journal = {Applied Physics Letters},
volume = {91},
number = {18},
pages = {183518},
year = {2007},
doi = {10.1063/1.2803315},
URL = {https://doi.org/10.1063/1.2803315},
eprint = {https://doi.org/10.1063/1.2803315}
}

@article{Huang2014,
author = {Huang, X. and Zhong, S. and Liu, X.},
  title={Acoustic invisibility in turbulent fluids by optimised cloaking},
  volume={749},
  DOI={10.1017/jfm.2014.250},
  journal={Journal of Fluid Mechanics},
  publisher={Cambridge University Press},
  year={2014},
  pages={460-477}
}

@article{Stenger2012,
  title = {Experiments on Elastic Cloaking in Thin Plates},
  author = {Stenger, N.and Wilhelm, M. and Wegener, M.},
  journal = {Physical Review Letters},
  volume = {108},
  issue = {1},
  pages = {014301},
  numpages = {5},
  year = {2012},
  month = {Jan},
  publisher = {American Physical Society},
  doi = {10.1103/PhysRevLett.108.014301},
  url = {https://link.aps.org/doi/10.1103/PhysRevLett.108.014301}
}

@article{Brule2014,
  title = {Experiments on Seismic Metamaterials: Molding Surface Waves},
  author = {Br\^ul\'e, S. and Javelaud, E. H. and Enoch, S. and Guenneau, S.},
  journal = {Physical Review Letters},
  volume = {112},
  issue = {13},
  pages = {133901},
  numpages = {5},
  year = {2014},
  month = {Mar},
  publisher = {American Physical Society},
  doi = {10.1103/PhysRevLett.112.133901},
  url = {https://link.aps.org/doi/10.1103/PhysRevLett.112.133901}
}

@article{Farhat2008,
  title = {Broadband Cylindrical Acoustic Cloak for Linear Surface Waves in a Fluid},
  author = {Farhat, M. and Enoch, S. and Guenneau, S. and Movchan, A. B.},
  journal = {Physical Review Letters},
  volume = {101},
  issue = {13},
  pages = {134501},
  numpages = {4},
  year = {2008},
  month = {Sep},
  publisher = {American Physical Society},
  doi = {10.1103/PhysRevLett.101.134501},
  url = {https://link.aps.org/doi/10.1103/PhysRevLett.101.134501}
}


@article{Farhat2009,
  title = {Ultrabroadband Elastic Cloaking in Thin Plates},
  author = {Farhat, M. Guenneau, S. and Enoch, S.},
  journal = {Physical Review Letters},
  volume = {103},
  issue = {2},
  pages = {024301},
  year = {2009}
}

@article{Farhat2009a,
  title = {Cloaking bending waves propagating in thin elastic plates},
  author = {Farhat, Mohamed and Guenneau, Sebastien and Enoch, Stefan and Movchan, Alexander B.},
  journal = {Phys. Rev. B},
  volume = {79},
  issue = {3},
  pages = {033102},
  numpages = {4},
  year = {2009},
  month = {Jan},
  publisher = {American Physical Society},
  doi = {10.1103/PhysRevB.79.033102},
  url = {https://link.aps.org/doi/10.1103/PhysRevB.79.033102}
}

@article{Schurig2006,
author = {D. Schurig and J. J. Mock and B.J. Justice and S.A. Cummer and J.B. Pendry and A.F. Starr and D. R. Smith},
  title = {Metamaterial electromagnetic cloak at microwave frequencies},
  journal = {Science},
  volume = {314},
  issue = {5801},
  pages = {977--980},
  year = {2006}
}

@article{Schurig2006a,
author = {D. Schurig and J. B. Pendry and D. R. Smith},
journal = {Opt. Express},
keywords = {Inhomogeneous optical media ; Geometric optical design ; Crystal optics; Electromagnetic optics},
number = {21},
pages = {9794--9804},
publisher = {OSA},
title = {Calculation of material properties and ray tracing in transformation media},
volume = {14},
month = {Oct},
year = {2006},
url = {http://www.opticsexpress.org/abstract.cfm?URI=oe-14-21-9794},
doi = {10.1364/OE.14.009794},
abstract = {Complex and interesting electromagnetic behavior can be found in spaces with non-flat topology. When considering the properties of an electromagnetic medium under an arbitrary coordinate transformation an alternative interpretation presents itself. The transformed material property tensors may be interpreted as a different set of material properties in a flat, Cartesian space. We describe the calculation of these material properties for coordinate transformations that describe spaces with spherical or cylindrical holes in them. The resulting material properties can then implement invisibility cloaks in flat space. We also describe a method for performing geometric ray tracing in these materials which are both inhomogeneous and anisotropic in their electric permittivity and magnetic permeability.},
}

@article{Cai2007,
  title={Optical cloaking with metamaterials},
  author={Cai, W. and Chettiar, U.K. and Kildishev, A.V. and Shalaev, V.M.},
  journal={Nature photonics},
  volume={1},
  number={4},
  pages={224},
  year={2007},
  publisher={Nature Publishing Group}
}


@article{Porter2014,
  title={Cloaking of a vertical cylinder in waves using variable bathymetry},
  volume={750},
  DOI={10.1017/jfm.2014.254},
  journal={Journal of Fluid Mechanics},
  publisher={Cambridge University Press},
  author={Porter, R. and Newman, J. N.},
  year={2014},
  pages={124â€“143}
}

@article{Newman2014,
title = "Cloaking a circular cylinder in water waves",
journal = "European Journal of Mechanics - B/Fluids",
volume = "47",
pages = "145-150",
year = "2014",
issn = "0997--7546",
doi = "https://doi.org/10.1016/j.euromechflu.2013.11.005",
url = "http://www.sciencedirect.com/science/article/pii/S0997754613001301",
author = "Newman, J. N.",
keywords = "Linear water-wave theory, Diffraction, Cloaking"
}


@article{Iida2018,
  title={Small water channel network for designing wave fields in shallow water},
  volume={849},
  journal={Journal of Fluid Mechanics},
  publisher={Cambridge University Press},
  author={T. Iida and M. Kashiwagi},
  year={2018},
  pages={90â€“110}
}

@article{Berraquero2013,
  author={Berraquero, C.P.and Maurel, A. and Petitjeans, P. and Pagneux, V.},
  title={Experimental realization of a water-wave metamaterial shifter},
  journal={Physical Review E},
  volume={88},
  number={5}, 
  pages = {051002},
  year={2013}
}

@article{Dupont2016,
  author={Dupont, G.and Guenneau, S. and Kimmoun, O. and Molin, B. and Enoch, S.},
  title={Cloaking a vertical cylinder via homogenization in the mild-slope equation},
  journal={Journal of Fluid Mechanics},
  volume={796},
  year={2016}
}

@article{Fox1994,
  author={Fox, C. and Squire, V. A.},
  title={On the oblique reflexion and transmission of ocean waves at shore fast sea ice},
  journal={Philosophical Transactions of the Royal Society of London. Series A: Physical and Engineering Sciences},
  volume={347},
  number={1682}, 
  pages={185--218},
  year={1994}
}

@article{Iida2014,
  author={Iida, T. and Kashiwagi, M. and He, G.},
  title={Numerical confirmation of cloaking phenomenon on an array of floating bodies and reduction of wave drift force},
  journal={International Journal of Offshore and Polar Engineering},
  volume={24},
  number={4}, 
  pages={241--246},
  year={2014}
}

@article{Iida2016,
  author={Iida, T. and Kashiwagi, M. and Miki, M.},
  title={Wave Pattern in Cloaking Phenomenon Around a Body Surrounded by Multiple Vertical Circular Cylinders},
  journal={International Journal of Offshore and Polar Engineering},
  volume={26},
  number={1}, 
  pages={13--19},
  year={2016}
}

@article{Kashiwagi2001,
  author={Kashiwagi, M. and Yoshida, S.},
  title={Wave drift force and moment on VLFS supported by a great number of floating columns},
  journal={International Journal of Offshore and Polar Engineering},
  volume={11},
  number={3}, 
  year={2001}
}

@article{Kashiwagi2005,
  author={Kashiwagi, M. and Endo, K. and Yamaguchi, H.},
  title={Wave drift forces and moments on two ships arranged side by side in waves},
  journal={Ocean engineering},
  volume={32},
  number={5--6}, 
  pages={529--555},
  year={2005}
}

@article{Loukogeorgaki2019,
  author={Loukogeorgaki, E. and Kashiwagi, M.},
  title={Minimization of drift force on a floating cylinder by optimizing the flexural rigidity of a concentric annular plate},
  journal={Applied Ocean Research},
  volume={85},
  pages={136--150},
  year={2019}
}

@article{Maruo1960,
  author={Maruo, H.},
  title={The drift on a body floating in waves},
  journal={Journal of Ship Research},
  volume={4},
  number={3}, 
  pages={1--10},
  year={1960}
}

@article{Meylan2002,
  author={M.H. Meylan},
  title={Wave response of an ice floe of arbitrary geometry},
  journal={Journal of Geophysical Research},
  volume={107},
  number={C1}, 
  year={2002}
}

@article{Ono1999,
  author={Ono, I. and Kita, H. and Kobayashi, S.},
  title={A robust real-coded genetic algorithm using unimodal normal distribution crossover augmented by uniform crossover: Effects of self-adaptation of crossover probabilities},
  journal={Proceedings of the 1st Annual Conference on Genetic and Evolutionary Computation},
  volume={1},
  pages={496--503},
  year={1999}
}

@article{Peter2004,
  author={M. A. Peter and M. H.  Meylan and H. Chung},
  title={Wave scattering by a circular elastic plate in water of finite depth: a closed form solution},
  journal={International Journal of Offshore and Polar Engineering},
  volume={14},
  number={2}, 
  year={2004}
}

@article{Porter2011,
  author={Porter, R.},
  title={Cloaking of a cylinder in waves},
  journal={Proceedings of 26th International Workshop on Water Waves and Floating Bodies, Athens, Greece},
  year={2011}
}


@article{Zhang2019,
  author={Zhang, Z. and He, G. and Wang, Z. and Liu, S. and Gou, Y. and Liu, Y.},
  title={Numerical and experimental studies on cloaked arrays of truncated cylinders under different wave directions},
  journal={Ocean Engineering},
  volume={183},
  pages={305--317},
  year={2019}
}

@article{Newman1977,
  author={Newman, J. N.},
  title={Marine Hydrodynamics},
  journal={The MIT press},
  year={1977}
}


