@inproceedings{DBLP:conf/icse/HubenerCLVKL22,
  author    = {Tim H{\"{u}}bener and
               Michel R. V. Chaudron and
               Yaping Luo and
               Pieter Vallen and
               Jonck van der Kogel and
               Tom Liefheid},
  title     = {Automatic Anti-Pattern Detection in Microservice Architectures Based
               on Distributed Tracing},
  booktitle = {{ICSE (SEIP)} 2022},
  pages     = {75--76},
  timestamp = {Tue, 28 Jun 2022 16:23:39 +0200},
  biburl    = {https://dblp.org/rec/conf/icse/HubenerCLVKL22.bib},
  bibsource = {dblp computer science bibliography, https://dblp.org}
}

@inproceedings{DBLP:conf/vissoft/MerinoGN16,
  author    = {Leonel Merino and
               Mohammad Ghafari and
               Oscar Nierstrasz},
  title     = {Towards Actionable Visualisation in Software Development},
  booktitle = {{VISSOFT} 2016},
  pages     = {61--70},
  timestamp = {Sat, 05 Sep 2020 17:58:17 +0200},
  biburl    = {https://dblp.org/rec/conf/vissoft/MerinoGN16.bib},
  bibsource = {dblp computer science bibliography, https://dblp.org}
}

@inproceedings{DBLP:conf/softvis/Deursen10,
  author    = {Arie van Deursen},
  title     = {A pragmatic perspective on software visualization},
  booktitle = {{SOFTVIS} 2010},
  pages     = {1--2},
  publisher = {{ACM}},
  year      = {2010},
  timestamp = {Tue, 21 Mar 2023 21:02:50 +0100},
  biburl    = {https://dblp.org/rec/conf/softvis/Deursen10.bib},
  bibsource = {dblp computer science bibliography, https://dblp.org}
}

@inproceedings{DBLP:conf/softvis/PichNR08,
  author    = {Christian Pich and
               Lev Nachmanson and
               George G. Robertson},
  title     = {Visual analysis of importance and grouping in software dependency graphs},
  booktitle = {{SOFTVIS} 2008},
  pages     = {29--32},
  publisher = {{ACM}},
  timestamp = {Wed, 17 Mar 2021 18:00:55 +0100},
  biburl    = {https://dblp.org/rec/conf/softvis/PichNR08.bib},
  bibsource = {dblp computer science bibliography, https://dblp.org}
}

@inproceedings{DBLP:conf/softvis/PauwKM06,
  author    = {Wim De Pauw and
               Sophia Krasikov and
               John F. Morar},
  title     = {Execution patterns for visualizing web services},
  booktitle = {{SOFTVIS} 2006},
  pages     = {37--45},
  publisher = {{ACM}},
  timestamp = {Tue, 28 Apr 2020 17:37:56 +0200},
  biburl    = {https://dblp.org/rec/conf/softvis/PauwKM06.bib},
  bibsource = {dblp computer science bibliography, https://dblp.org}
}

@inproceedings{DBLP:conf/vissoft/SchaferM05,
  author    = {Thorsten Sch{\"{a}}fer and
               Mira Mezini},
  editor    = {St{\'{e}}phane Ducasse and
               Michele Lanza and
               Andrian Marcus and
               Jonathan I. Maletic and
               Margaret{-}Anne D. Storey},
  title     = {Towards More Flexibility in Software Visualization Tools},
  booktitle = {Proceedings of the 3rd International Workshop on Visualizing Software
               for Understanding and Analysis, {VISSOFT} 2005, Budapest, Hungary,
               September 25, 2005},
  pages     = {64--69},
  publisher = {{IEEE} Computer Society},
  year      = {2005},
  url       = {https://doi.org/10.1109/VISSOF.2005.1684307},
  doi       = {10.1109/VISSOF.2005.1684307},
  timestamp = {Wed, 16 Oct 2019 14:14:49 +0200},
  biburl    = {https://dblp.org/rec/conf/vissoft/SchaferM05.bib},
  bibsource = {dblp computer science bibliography, https://dblp.org}
}

@inproceedings{DBLP:conf/bir/GaidelsK20,
  author    = {Edgars Gaidels and
               Marite Kirikova},
  title     = {Service Dependency Graph Analysis in Microservice Architecture},
  booktitle = {{BIR} 2020},
  volume    = {398},
  pages     = {128--139},
  timestamp = {Thu, 19 Nov 2020 15:37:08 +0100},
  biburl    = {https://dblp.org/rec/conf/bir/GaidelsK20.bib},
  bibsource = {dblp computer science bibliography, https://dblp.org}
}

@inproceedings{DBLP:conf/sigsoft/Guo0WLJDXS20,
  author    = {Xiaofeng Guo and
               Xin Peng and
               Hanzhang Wang and
               Wanxue Li and
               Huai Jiang and
               Dan Ding and
               Tao Xie and
               Liangfei Su},
  title     = {Graph-based trace analysis for microservice architecture understanding and problem diagnosis},
  booktitle = {{ESEC/FSE} 2020},
  pages     = {1387--1397},
  publisher = {{ACM}},
  timestamp = {Tue, 11 Jan 2022 16:58:16 +0100},
  biburl    = {https://dblp.org/rec/conf/sigsoft/Guo0WLJDXS20.bib},
  bibsource = {dblp computer science bibliography, https://dblp.org}
}

@article{DBLP:journals/fgcs/MaFCLL19,
  author    = {Shang{-}Pin Ma and
               Chen{-}Yuan Fan and
               Yen Chuang and
               I{-}Hsiu Liu and
               Ci{-}Wei Lan},
  title     = {Graph-based and scenario-driven microservice analysis, retrieval,
               and testing},
  journal   = {Future Gener. Comput. Syst.},
  volume    = {100},
  pages     = {724--735},
  year      = {2019},
  timestamp = {Wed, 19 Feb 2020 14:14:02 +0100},
  biburl    = {https://dblp.org/rec/journals/fgcs/MaFCLL19.bib},
  bibsource = {dblp computer science bibliography, https://dblp.org}
}

@article{Conway1968,
  title={How do committees invent},
  author={Melvin E. Conway},
  journal={Datamation},
  year={1968},
  month={April}
}

@article{10.1109/access.2022.3221130,
    title = {Visualizing Microservice Architecture in the Dynamic Perspective: a Systematic Mapping Study},
    author = {Gortney, Mia E. and Harris, Patrick E. and Cerny, Tomas and Maruf, Abdullah Al and Bures, Miroslav and Taibi, Davide and Tisnovsky, Pavel},
    year = {2022},
    journal = {IEEE Access},
    volume = {10}
}


@incollection{10.1007/978-3-030-61140-89,
    title = {Service Dependency Graph Analysis in Microservice Architecture},
    author = {Gaidels, Edgars and Kirikova, Marite},
    year = {2020},
    booktitle = {Lecture Notes in Business Information Processing},
    pages = {128-139},
    doi = {10.1007/978-3-030-61140-8_9}
}

@inproceedings{10.1109/ficloud57274.2022.00042,
    title = {A Graph-based Solution to Deal with Cyclic Dependencies in Microservices Architecture},
    author = {Farsi, Hassan and Allaki, Driss and En-Nouaary, Abdeslam and Dahchour, Mohamed},
    booktitle = {{FICLOUD} 2022}
}

@article{10.3390/app11177856,
    title = {On Microservice Analysis and Architecture Evolution: a Systematic Mapping Study},
    author = {Bushong, Vincent and Abdelfattah, Amr S. and Maruf, Abdullah A. and Das, Dipta and Lehman, Austin and Jaroszewski, Eric and Coffey, Michael and Cerny, Tomas and Frajtak, Karel and Tisnovsky, Pavel and Bures, Miroslav},
    year = {2021},
    journal = {Applied Sciences},
    volume = {11},
    number = {17},
    pages = {7856},
    doi = {10.3390/app11177856}
}


@inproceedings{bavota2013evolution,
  title={The evolution of project inter-dependencies in a software ecosystem: The case of {Apache}},
  author={Bavota, Gabriele and Canfora, Gerardo and Di Penta, Massimiliano and Oliveto, Rocco and Panichella, Sebastiano},
  booktitle={{ICSM} 2013},
  pages={280--289},
  organization={IEEE}
}

@inproceedings{kikas2017structure,
  title={Structure and evolution of package dependency networks},
  author={Kikas, Riivo and Gousios, Georgios and Dumas, Marlon and Pfahl, Dietmar},
  booktitle={{MSR} 2017},
  pages={102--112},
  organization={IEEE}
}

@inproceedings{wang2020empirical,
  title={An empirical study of usages, updates and risks of third-party libraries in {Java} projects},
  author={Wang, Ying and Chen, Bihuan and Huang, Kaifeng and Shi, Bowen and Xu, Congying and Peng, Xin and Wu, Yijian and Liu, Yang},
  booktitle={{ICSME} 2020},
  pages={35--45},
  organization={IEEE}
}

@article{kula2018developers,
  title={Do developers update their library dependencies? {A}n empirical study on the impact of sec. advisories on library migration},
  author={Kula, Raula Gaikovina and German, Daniel M and Ouni, Ali and Ishio, Takashi and Inoue, Katsuro},
  journal={EMSE},
  volume={23},
  year={2018}
}

@article{zhou2018fault,
  title={Fault analysis and debugging of microservice systems: Industrial survey, benchmark system, and empirical study},
  author={Zhou, Xiang and Peng, Xin and Xie, Tao and Sun, Jun and Ji, Chao and Li, Wenhai and Ding, Dan},
  journal={IEEE TSE 2018},
  volume={47},
  number={2}
}

@misc{oasis-soa-rm2006,
   author = {C. Matthew MacKenzie and Ken Laskey and Francis McCabe and Peter F Brown and Rebekah Metz},
   title = {{OASIS Reference Model for Service Oriented Architecture 1.0}},
   year = {2006},
   month = {July},
   howpublished={http://docs.oasis-open.org/soa-rm/v1.0/soa-rm.html}
}

@inbook{LembergerMorel2012,
publisher = {John Wiley & Sons, Ltd},
isbn = {9781118562017},
title = {Why Has SOA Failed So Often?},
booktitle = {Managing Complexity of Information Systems},
authors = {Pirmin Lemberger and Médéric Morel},
pages = {207-218},
doi = {https://doi.org/10.1002/9781118562017.app3},
year = {2012}
}

@inproceedings{DBLP:conf/icsm/FritzschB0Z19,
  author       = {Jonas Fritzsch and
                  Justus Bogner and
                  Stefan Wagner and
                  Alfred Zimmermann},
  title        = {Microservices Migration in Industry: Intentions, Strategies, and Challenges},
  booktitle    = {{ICSME} 2019},
  pages        = {481--490},
  publisher    = {{IEEE}},
  timestamp    = {Sun, 25 Jul 2021 11:50:35 +0200},
  biburl       = {https://dblp.org/rec/conf/icsm/FritzschB0Z19.bib},
  bibsource    = {dblp computer science bibliography, https://dblp.org}
}

@article{DBLP:journals/queue/EsparrachiariRR18,
  author       = {Silvia Esparrachiari and
                  Tanya Reilly and
                  Ashleigh Rentz},
  title        = {Tracking and Controlling Microservice Dependencies},
  journal      = {{ACM} Queue},
  volume       = {16},
  number       = {4},
  pages        = {10},
  year         = {2018},
  timestamp    = {Mon, 19 Nov 2018 14:10:28 +0100},
  biburl       = {https://dblp.org/rec/journals/queue/EsparrachiariRR18.bib},
  bibsource    = {dblp computer science bibliography, https://dblp.org}
}

@misc{Vogels2022,
  author       = {Werner Vogels},
  title        = {{The Distributed Computing Manifesto}},
  howpublished = {https://www.allthingsdistributed.com/2022/11/amazon-1998-distributed-computing-manifesto.html},
  month        = {November},
  year         = {2022}
}

@article{10.1016/j.jss.2014.03.071,
    title = {A systematic review of software architecture visualization techniques},
    author = {Shahin, Mojtaba and Liang, Peng and Babar, Muhammad Ali},
    year = {2014},
    journal = {JSS},
    volume = {94}
}

@inproceedings{10.1145/2994310.2994327,
    title = {Software visualization today: Systematic literature review},
    author = {Mattila, Anna-Liisa and Ihantola, Petri and Kilamo, Terhi and Luoto, Antti and Nurminen, Mikko and Väätäjä, Heli},
    booktitle = {{MINDTREK} 2016},
    doi = {10.1145/2994310.2994327}
}

@phdthesis{DBLP:phd/de/Beck2013,
  author       = {Fabian Beck},
  title        = {Understanding Multi-Dimensional Code Couplings},
  school       = {University of Trier, Germany},
  year         = {2013},
  isbn         = {978-1493727803},
  timestamp    = {Tue, 19 Dec 2017 09:00:09 +0100},
  biburl       = {https://dblp.org/rec/phd/de/Beck2013.bib},
  bibsource    = {dblp computer science bibliography, https://dblp.org}
}

@inproceedings{10.1109/vissof.2011.6069454,
    title = {{E-Quality}: a graph based object oriented software quality visualization tool},
    author = {Erdemir, Ural and Tekin, Umut and Buzluca, Feza},
    booktitle = {{VISSOFT} 2011},
    doi = {10.1109/vissof.2011.6069454}
}

@inproceedings{10.1145/1409720.1409735,
    title = {Cluster analysis of {Java} dependency graphs},
    author = {Dietrich, Jens and Yakovlev, Vyacheslav and McCartin, Catherine and Jenson, Graham and Duchrow, Manfred},
    booktitle = {{SoftVis} 2008},
    doi = {10.1145/1409720.1409735}
}

@inproceedings{10.1145/774833.774844,
    title = {A system for graph-based vis. of the evolution of software},
    author = {Collberg, Christian and Kobourov, Stephen and Nagra, Jasvir and Pitts, Jacob and Wampler, Kevin},
    booktitle = {{SoftVis} 2003},
    doi = {10.1145/774833.774844}
}

@inproceedings{10.1109/sose55356.2022.00011,
    title = {Microservice Architecture Reconstruction and Visualization Techniques: a Review},
    author = {Cerny, Tomas and Abdelfattah, Amr S. and Bushong, Vincent and Al Maruf, Abdullah and Taibi, Davide},
    booktitle = {{SOSE} 2022},
    doi = {10.1109/sose55356.2022.00011}
}