@inproceedings{ridnik2021asymmetric,
  title={Asymmetric loss for multi-label classification},
  author={Ridnik, Tal and Ben-Baruch, Emanuel and Zamir, Nadav and Noy, Asaf and Friedman, Itamar and Protter, Matan and Zelnik-Manor, Lihi},
  booktitle={ICCV},
  pages={82--91},
  year={2021}
}

@article{zhang2013review,
  title={A review on multi-label learning algorithms},
  author={Zhang, Min-Ling and Zhou, Zhi-Hua},
  journal={IEEE TKDE},
  volume={26},
  number={8},
  pages={1819--1837},
  year={2013},
  publisher={IEEE}
}

@incollection{tsoumakas2009mining,
  title={Mining multi-label data},
  author={Tsoumakas, Grigorios and Katakis, Ioannis and Vlahavas, Ioannis},
  booktitle={Data mining and knowledge discovery handbook},
  pages={667--685},
  year={2009},
  publisher={Springer}
}

@inproceedings{pennington2014glove,
  title={Glove: Global vectors for word representation},
  author={Pennington, Jeffrey and Socher, Richard and Manning, Christopher D},
  booktitle={Proceedings of the 2014 conference on empirical methods in natural language processing (EMNLP)},
  pages={1532--1543},
  year={2014}
}

@article{dosovitskiy2020image,
  title={An image is worth 16x16 words: Transformers for image recognition at scale},
  author={Dosovitskiy, Alexey and Beyer, Lucas and Kolesnikov, Alexander and Weissenborn, Dirk and Zhai, Xiaohua and Unterthiner, Thomas and others},
  journal={arXiv preprint arXiv:2010.11929},
  year={2020}
}

@inproceedings{wang2016cnn,
  title={Cnn-rnn: A unified framework for multi-label image classification},
  author={Wang, Jiang and Yang, Yi and Mao, Junhua and Huang, Zhiheng and Huang, Chang and Xu, Wei},
  booktitle={CVPR},
  pages={2285--2294},
  year={2016}   
}

@inproceedings{chen2019learning,
  title={Learning semantic-specific graph representation for multi-label image recognition},
  author={Chen, Tianshui and Xu, Muxin and Hui, Xiaolu and Wu, Hefeng and Lin, Liang},
  booktitle={ICCV},
  pages={522--531},
  year={2019}
}

@inproceedings{wang2017multi,
  title={Multi-label image recognition by recurrently discovering attentional regions},
  author={Wang, Zhouxia and Chen, Tianshui and Li, Guanbin and Xu, Ruijia and Lin, Liang},
  booktitle={ICCV},
  pages={464--472},
  year={2017}
}

@article{gao2021learning,
  title={Learning to discover multi-class attentional regions for multi-label image recognition},
  author={Gao, Bin-Bin and Zhou, Hong-Yu},
  journal={IEEE TIP},
  volume={30},
  pages={5920--5932},
  year={2021},
  publisher={IEEE}
}

@inproceedings{chen2019multi,
  title={Multi-label image recognition with graph convolutional networks},
  author={Chen, Zhao-Min and Wei, Xiu-Shen and Wang, Peng and Guo, Yanwen},
  booktitle={CVPR},
  pages={5177--5186},
  year={2019}
}

@article{boutell2004learning,
  title={Learning multi-label scene classification},
  author={Boutell, Matthew R and Luo, Jiebo and Shen, Xipeng and Brown, Christopher M},
  journal={Pattern recognition},
  volume={37},
  number={9},
  pages={1757--1771},
  year={2004},
  publisher={Elsevier}
}

@article{read2011classifier,
  title={Classifier chains for multi-label classification},
  author={Read, Jesse and Pfahringer, Bernhard and Holmes, Geoff and Frank, Eibe},
  journal={Machine learning},
  volume={85},
  number={3},
  pages={333--359},
  year={2011},
  publisher={Springer}
}

@article{furnkranz2008multilabel,
  title={Multilabel classification via calibrated label ranking},
  author={F{\"u}rnkranz, Johannes and H{\"u}llermeier, Eyke and Menc{\'\i}a, Eneldo Loza and Brinker, Klaus},
  journal={Machine learning},
  volume={73},
  number={2},
  pages={133--153},
  year={2008},
  publisher={Springer}
}

@inproceedings{liu2017deep,
  title={Deep learning for extreme multi-label text classification},
  author={Liu, Jingzhou and Chang, Wei-Cheng and Wu, Yuexin and Yang, Yiming},
  booktitle={SIGIR},
  pages={115--124},
  year={2017}
}

@article{zhou2021multi,
  title={Multi-label Image Classification via Category Prototype Compositional Learning},
  author={Zhou, Fengtao and Huang, Sheng and Liu, Bo and Yang, Dan},
  journal={IEEE TCSVT},
  year={2021},
  publisher={IEEE}
}

@inproceedings{bhatia2015sparse,
  title={Sparse Local Embeddings for Extreme Multi-label Classification.},
  author={Bhatia, Kush and Jain, Himanshu and Kar, Purushottam and Varma, Manik and Jain, Prateek},
  booktitle={NeurIPS},
  volume={29},
  pages={730--738},
  year={2015}
}

@inproceedings{nguyen2021modular,
  title={Modular Graph Transformer Networks for Multi-Label Image Classification},
  author={Nguyen, Hoang D and Vu, Xuan-Son and Le, Duc-Trong},
  booktitle={AAAI},
  volume={35},
  number={10},
  pages={9092--9100},
  year={2021}
}

@article{wu2021gm,
  title={GM-MLIC: Graph Matching based Multi-Label Image Classification},
  author={Wu, Yanan and Liu, He and Feng, Songhe and Jin, Yi and Lyu, Gengyu and Wu, Zizhang},
  journal={arXiv preprint arXiv:2104.14762},
  year={2021}
}

@article{chen2021efficient,
  title={Efficient Decomposition Selection for Multi-class Classification},
  author={Chen, Yawen and Wen, Zeyi and He, Bingsheng and Chen, Jian},
  journal={IEEE TKDE},
  year={2021},
  publisher={IEEE}
} 

@article{gou2021knowledge,
  title={Knowledge distillation: A survey},
  author={Gou, Jianping and Yu, Baosheng and Maybank, Stephen J and Tao, Dacheng},
  journal={IJCV},
  volume={129},
  number={6},
  pages={1789--1819},
  year={2021},
  publisher={Springer}
}

@article{liu2020emerging,
  title={The emerging trends of multi-label learning},
  author={Liu, Weiwei and Shen, Xiaobo and Wang, Haobo and Tsang, Ivor W},
  journal={TPAMI},
  year={to appear}
}

@inproceedings{yuan2020revisiting,
  title={Revisiting knowledge distillation via label smoothing regularization},
  author={Yuan, Li and Tay, Francis EH and Li, Guilin and Wang, Tao and Feng, Jiashi},
  booktitle={CVPR},
  year={2020}
}
@article{zhou2019n,
  title={N-ary decomposition for multi-class classification},
  author={Zhou, Joey Tianyi and Tsang, Ivor W and Ho, Shen-Shyang and M{\"u}ller, Klaus-Robert},
  journal={Machine Learning},
  volume={108},
  number={5},
  pages={809--830},
  year={2019},
  publisher={Springer}
}

@article{galar2011overview,
  title={An overview of ensemble methods for binary classifiers in multi-class problems: Experimental study on one-vs-one and one-vs-all schemes},
  author={Galar, Mikel and Fern{\'a}ndez, Alberto and Barrenechea, Edurne and Bustince, Humberto and Herrera, Francisco},
  journal={Pattern Recognition},
  volume={44},
  number={8},
  pages={1761--1776},
  year={2011},
  publisher={Elsevier}
}

@article{guermeur2002combining,
  title={Combining discriminant models with new multi-class SVMs},
  author={Guermeur, Yann},
  journal={Pattern Analysis \& Applications},
  volume={5},
  number={2},
  pages={168--179},
  year={2002},
  publisher={Springer}
}

@article{xu2016local,
  title={Local rademacher complexity for multi-label learning},
  author={Xu, Chang and Liu, Tongliang and Tao, Dacheng and Xu, Chao},
  journal={IEEE TIP},
  volume={25},
  number={3},
  pages={1495--1507},
  year={2016},
  publisher={IEEE}
}

@article{allwein2000reducing,
  title={Reducing multiclass to binary: A unifying approach for margin classifiers},
  author={Allwein, Erin L and Schapire, Robert E and Singer, Yoram},
  journal={JMLR},
  volume={1},
  number={Dec},
  pages={113--141},
  year={2000}
}

@inproceedings{wu2020distribution,
  title={Distribution-balanced loss for multi-label classification in long-tailed datasets},
  author={Wu, Tong and Huang, Qingqiu and Liu, Ziwei and Wang, Yu and Lin, Dahua},
  booktitle={ECCV},
  pages={162--178},
  year={2020},
  organization={Springer}
}

@inproceedings{lanchantin2021general,
  title={General Multi-label Image Classification with Transformers},
  author={Lanchantin, Jack and Wang, Tianlu and Ordonez, Vicente and Qi, Yanjun},
  booktitle={CVPR},
  pages={16478--16488},
  year={2021}
}

@article{cheng2021mltr,
  title={MlTr: Multi-label Classification with Transformer},
  author={Cheng, Xing and Lin, Hezheng and Wu, Xiangyu and Yang, Fan and Shen, Dong and Wang, Zhongyuan and Shi, Nian and Liu, Honglin},
  journal={arXiv preprint arXiv:2106.06195},
  year={2021}
}

@article{liu2021query2label,
  title={Query2label: A simple transformer way to multi-label classification},
  author={Liu, Shilong and Zhang, Lei and Yang, Xiao and Su, Hang and Zhu, Jun},
  journal={arXiv preprint arXiv:2107.10834},
  year={2021}
}

@inproceedings{zhou2016learning,
  title={Learning deep features for discriminative localization},
  author={Zhou, Bolei and Khosla, Aditya and Lapedriza, Agata and Oliva, Aude and Torralba, Antonio},
  booktitle={CVPR},
  pages={2921--2929},
  year={2016}
}

@inproceedings{zhang2019your,
  title={Be your own teacher: Improve the performance of convolutional neural networks via self distillation},
  author={Zhang, Linfeng and Song, Jiebo and Gao, Anni and Chen, Jingwei and Bao, Chenglong and Ma, Kaisheng},
  booktitle={ICCV},
  pages={3713--3722},
  year={2019}
}

@article{zhou2021rethinking,
  title={Rethinking soft labels for knowledge distillation: A bias-variance tradeoff perspective},
  author={Zhou, Helong and Song, Liangchen and Chen, Jiajie and Zhou, Ye and Wang, Guoli and Yuan, Junsong and Zhang, Qian},
  journal={arXiv preprint arXiv:2102.00650},
  year={2021}
}

@inproceedings{xiang2020learning,
  title={Learning from multiple experts: Self-paced knowledge distillation for long-tailed classification},
  author={Xiang, Liuyu and Ding, Guiguang and Han, Jungong},
  booktitle={ECCV},
  pages={247--263},
  year={2020},
  organization={Springer}
}

@inproceedings{song2021handling,
  title={Handling Difficult Labels for Multi-label Image Classification via Uncertainty Distillation},
  author={Song, Liangchen and Wu, Jialian and Yang, Ming and Zhang, Qian and Li, Yuan and Yuan, Junsong},
  booktitle={ACM MM},
  pages={2410--2419},
  year={2021}
}

@article{hinton2015distilling,
  title={Distilling the knowledge in a neural network},
  author={Hinton, Geoffrey and Vinyals, Oriol and Dean, Jeff},
  journal={arXiv preprint arXiv:1503.02531},
  year={2015}
}

@inproceedings{he2016deep,
  title={Deep residual learning for image recognition},
  author={He, Kaiming and Zhang, Xiangyu and Ren, Shaoqing and Sun, Jian},
  booktitle={CVPR},
  pages={770--778},
  year={2016}
}

@inproceedings{liu2018multi,
  title={Multi-label image classification via knowledge distillation from weakly-supervised detection},
  author={Liu, Yongcheng and Sheng, Lu and Shao, Jing and Yan, Junjie and Xiang, Shiming and Pan, Chunhong},
  booktitle={ACM MM},
  pages={700--708},
  year={2018}
}

@inproceedings{you2020cross,
  title={Cross-modality attention with semantic graph embedding for multi-label classification},
  author={You, Renchun and Guo, Zhiyao and Cui, Lei and Long, Xiang and Bao, Yingze and Wen, Shilei},
  booktitle={AAAI},
  volume={34},
  number={07},
  pages={12709--12716},
  year={2020}
}

@article{gao2020multi,
  title={Multi-label image recognition with multi-class attentional regions},
  author={Gao, Bin-Bin and Zhou, Hong-Yu},
  journal={arXiv e-prints},
  pages={arXiv--2007},
  year={2020}
}

@inproceedings{ye2020attention,
  title={Attention-driven dynamic graph convolutional network for multi-label image recognition},
  author={Ye, Jin and He, Junjun and Peng, Xiaojiang and Wu, Wenhao and Qiao, Yu},
  booktitle={ECCV},
  pages={649--665},
  year={2020},
  organization={Springer}
}

@inproceedings{vaswani2017attention,
  title={Attention is all you need},
  author={Vaswani, Ashish and Shazeer, Noam and Parmar, Niki and Uszkoreit, Jakob and Jones, Llion and Gomez, Aidan N and Kaiser, {\L}ukasz and Polosukhin, Illia},
  booktitle={NeurIPS},
  pages={5998--6008},
  year={2017}
}

@inproceedings{zhou2021deep,
  title={Deep Semantic Dictionary Learning for Multi-label Image Classification},
  author={Zhou, Fengtao and Huang, Sheng and Xing, Yun},
  booktitle={AAAI},
  volume={35},
  number={4},
  pages={3572--3580},
  year={2021}
}

@inproceedings{zhu2017learning,
  title={Learning spatial regularization with image-level supervisions for multi-label image classification},
  author={Zhu, Feng and Li, Hongsheng and Ouyang, Wanli and Yu, Nenghai and Wang, Xiaogang},
  booktitle={CVPR},
  pages={5513--5522},
  year={2017}
}

@inproceedings{chen2019multi_,
  title={Multi-label image recognition with joint class-aware map disentangling and label correlation embedding},
  author={Chen, Zhao-Min and Wei, Xiu-Shen and Jin, Xin and Guo, Yanwen},
  booktitle={IEEE ICME},
  pages={622--627},
  year={2019},
  organization={IEEE}
}

@inproceedings{ge2018multi,
  title={Multi-evidence filtering and fusion for multi-label classification, object detection and semantic segmentation based on weakly supervised learning},
  author={Ge, Weifeng and Yang, Sibei and Yu, Yizhou},
  booktitle={CVPR},
  pages={1277--1286},
  year={2018}
}

@inproceedings{zhao2020adaptive,
  title={Adaptive object detection with dual multi-label prediction},
  author={Zhao, Zhen and Guo, Yuhong and Shen, Haifeng and Ye, Jieping},
  booktitle={ECCV},
  pages={54--69},
  year={2020},
  organization={Springer}
}

@inproceedings{zhao2015deep,
  title={Deep semantic ranking based hashing for multi-label image retrieval},
  author={Zhao, Fang and Huang, Yongzhen and Wang, Liang and Tan, Tieniu},
  booktitle={CVPR},
  pages={1556--1564},
  year={2015}
}

@article{kang2020graph,
  title={Graph relation network: Modeling relations between scenes for multilabel remote-sensing image classification and retrieval},
  author={Kang, Jian and Fernandez-Beltran, Ruben and Hong, Danfeng and Chanussot, Jocelyn and Plaza, Antonio},
  journal={IEEE TGRS},
  volume={59},
  number={5},
  pages={4355--4369},
  year={2020},
  publisher={IEEE}
}

@article{wu2019tencent,
  title={Tencent ml-images: A large-scale multi-label image database for visual representation learning},
  author={Wu, Baoyuan and Chen, Weidong and Fan, Yanbo and Zhang, Yong and Hou, Jinlong and Liu, Jie and Zhang, Tong},
  journal={IEEE Access},
  volume={7},
  pages={172683--172693},
  year={2019},
  publisher={IEEE}
}

@article{cabral2014matrix,
  title={Matrix completion for weakly-supervised multi-label image classification},
  author={Cabral, Ricardo and De la Torre, Fernando and Costeira, Joao Paulo and Bernardino, Alexandre},
  journal={IEEE TPAMI},
  volume={37},
  number={1},
  pages={121--135},
  year={2014},
  publisher={IEEE}
}

@article{yalniz2019billion,
  title={Billion-scale semi-supervised learning for image classification},
  author={Yalniz, I Zeki and J{\'e}gou, Herv{\'e} and Chen, Kan and Paluri, Manohar and Mahajan, Dhruv},
  journal={arXiv preprint arXiv:1905.00546},
  year={2019}
}

 @misc{proceedings,
  author = {{IJCAI Proceedings}},
  title = {{IJCAI} Camera Ready Submission},
  howpublished = {\url{https://proceedings.ijcai.org/info}},
}
\textbf{}