@inproceedings{baltes2018sotorrent,
  title={Sotorrent: Reconstructing and analyzing the evolution of stack overflow posts},
  author={Baltes, Sebastian and Dumani, Lorik and Treude, Christoph and Diehl, Stephan},
  booktitle={Proceedings of the 15th international conference on mining software repositories},
  pages={319--330},
  year={2018}
}

@inproceedings{hata20199,
  title={9.6 million links in source code comments: Purpose, evolution, and decay},
  author={Hata, Hideaki and Treude, Christoph and Kula, Raula Gaikovina and Ishio, Takashi},
  booktitle={2019 IEEE/ACM 41st International Conference on Software Engineering (ICSE)},
  pages={1211--1221},
  year={2019},
  organization={IEEE}
}

@inproceedings{dragan2011using,
  title={Using stereotypes to help characterize commits},
  author={Dragan, Natalia and Collard, Michael L and Hammad, Maen and Maletic, Jonathan I},
  booktitle={2011 27th IEEE International Conference on Software Maintenance (ICSM)},
  pages={520--523},
  year={2011},
  organization={IEEE}
}

@article{krejcie1970determining,
  title={Determining sample size for research activities},
  author={Krejcie, Robert V and Morgan, Daryle W},
  journal={Educational and psychological measurement},
  volume={30},
  number={3},
  pages={607--610},
  year={1970},
  publisher={sage publications Sage CA: Los Angeles, CA}
}

@article{viera2005understanding,
author = {Viera, Anthony and Garrett, Joanne},
year = {2005},
title = {Understanding Interobserver Agreement: The Kappa Statistic},
journal = {Family medicine}
}

@inproceedings{agrawal1994fast,
  title={Fast algorithms for mining association rules},
  author={Agrawal, Rakesh and Srikant, Ramakrishnan and others},
  booktitle={Proc. 20th int. conf. very large data bases, VLDB},
  volume={1215},
  pages={487--499},
  year={1994},
  organization={Citeseer}
}

@inproceedings{mockus2000identifying,
title={Identifying Reasons for Software Changes using Historic Databases.},
author={Mockus, Audris and Votta, Lawrence G},
booktitle={icsm},
pages={120--130},
year={2000}
}

@inproceedings{alali2008s,
title={What's a typical commit? a characterization of open source software repositories},
author={Alali, Abdulkareem and Kagdi, Huzefa and Maletic, Jonathan I},
booktitle={2008 16th IEEE international conference on program comprehension},
pages={182--191},
year={2008},
organization={IEEE}
}

@article{o2007emergence,
title={The emergence of governance in an open source community},
author={O'mahony, Siobh{\'a}n and Ferraro, Fabrizio},
journal={Academy of Management Journal},
volume={50},
number={5},
pages={1079--1106},
year={2007},
publisher={Academy of Management Briarcliff Manor, NY 10510}
}

@inproceedings{dyer2013boa,
title={Boa: A language and infrastructure for analyzing ultra-large-scale software repositories},
author={Dyer, Robert and Nguyen, Hoan Anh and Rajan, Hridesh and Nguyen, Tien N},
booktitle={2013 35th International Conference on Software Engineering (ICSE)},
pages={422--431},
year={2013},
organization={IEEE}
}


@article{fu2015automated,
title={Automated classification of software change messages by semi-supervised latent dirichlet allocation},
author={Fu, Ying and Yan, Meng and Zhang, Xiaohong and Xu, Ling and Yang, Dan and Kymer, Jeffrey D},
journal={Information and Software Technology},
volume={57},
pages={369--377},
year={2015},
publisher={Elsevier}
}

@inproceedings{sarwar2020multi,
title={Multi-label Classification of Commit Messages using Transfer Learning},
author={Sarwar, Muhammad Usman and Zafar, Sarim and Mkaouer, Mohamed Wiem and Walia, Gursimran Singh and Malik, Muhammad Zubair},
booktitle={2020 IEEE International Symposium on Software Reliability Engineering Workshops (ISSREW)},
pages={37--42},
year={2020},
organization={IEEE}
}

@inproceedings{moreno2014automatic,
title={Automatic generation of release notes},
author={Moreno, Laura and Bavota, Gabriele and Di Penta, Massimiliano and Oliveto, Rocco and Marcus, Andrian and Canfora, Gerardo},
booktitle={Proceedings of the 22nd ACM SIGSOFT International Symposium on Foundations of Software Engineering},
pages={484--495},
year={2014}
}

@inproceedings{santos2016judging,
title={Judging a commit by its cover},
author={Santos, Eddie Antonio and Hindle, Abram},
booktitle={Proceedings of the 13th International Workshop on Mining Software Repositories-MSR},
volume={16},
pages={504--507},
year={2016}}

@inproceedings{xie2019deeplink,
title={DeepLink: A code knowledge graph based deep learning approach for issue-commit link recovery},
author={Xie, Rui and Chen, Long and Ye, Wei and Li, Zhiyu and Hu, Tianxiang and Du, Dongdong and Zhang, Shikun},
booktitle={2019 IEEE 26th International Conference on Software Analysis, Evolution and Reengineering (SANER)},
pages={434--444},
year={2019},
organization={IEEE}}

@article{sun2017frlink,
  title={Frlink: Improving the recovery of missing issue-commit links by revisiting file relevance},
  author={Sun, Yan and Wang, Qing and Yang, Ye},
  journal={Information and Software Technology},
  volume={84},
  pages={33--47},
  year={2017},
  publisher={Elsevier}
}

@article{rebai2020recommending,
title={Recommending refactorings via commit message analysis},
author={Rebai, Soumaya and Kessentini, Marouane and Alizadeh, Vahid and Sghaier, Oussama Ben and Kazman, Rick},
journal={Information and Software Technology},
volume={126},
pages={106332},
year={2020},
publisher={Elsevier}
}

@inproceedings{krasniqi2020enhancing,
title={Enhancing Source Code Refactoring Detection with Explanations from Commit Messages},
author={Krasniqi, Rrezarta and Cleland-Huang, Jane},
booktitle={2020 IEEE 27th International Conference on Software Analysis, Evolution and Reengineering (SANER)},
pages={512--516},
year={2020},
organization={IEEE}
}

@inproceedings{rastkar2013did,
title={Why did this code change?},
author={Rastkar, Sarah and Murphy, Gail C},
booktitle={2013 35th International Conference on Software Engineering (ICSE)},
pages={1193--1196},
year={2013},
organization={IEEE}
}


@inproceedings{linares2015changescribe,
title={Changescribe: A tool for automatically generating commit messages},
author={Linares-V{\'a}squez, Mario and Cort{\'e}s-Coy, Luis Fernando and Aponte, Jairo and Poshyvanyk, Denys},
booktitle={2015 IEEE/ACM 37th IEEE International Conference on Software Engineering},
volume={2},
pages={709--712},
year={2015},
organization={IEEE}
}


@article{liu2020atom,
title={ATOM: Commit message generation based on abstract syntax tree and hybrid ranking},
author={Liu, Shangqing and Gao, Cuiyun and Chen, Sen and Yiu, Nie Lun and Liu, Yang},
journal={IEEE Transactions on Software Engineering},
year={2020},
publisher={IEEE}
}

@article{huang2020learning,
title={Learning Human-Written Commit Messages to Document Code Changes},
author={Huang, Yuan and Jia, Nan and Zhou, Hao-Jie and Chen, Xiang-Ping and Zheng, Zi-Bin and Tang, Ming-Dong},
journal={Journal of Computer Science and Technology},
volume={35},
number={6},
pages={1258--1277},
year={2020},
publisher={Springer}
}

@article{kehoe1998gvu,
  title={GVU’s ninth WWW user survey report},
  author={Kehoe, Colleen and Pitkow, James and Rogers, Juan},
  journal={Office of},
  year={1998}
}

@article{barrie2000digital,
  title={Digital plagiarism-The web giveth and the web shall taketh},
  author={Barrie, John M and Presti, David E},
  journal={Journal of medical Internet research},
  volume={2},
  number={1},
  pages={e6},
  year={2000},
  publisher={JMIR Publications Inc., Toronto, Canada}
}

@article{murphy2007take,
  title={Take me back: validating the wayback machine},
  author={Murphy, Jamie and Hashim, Noor Hazarina and O’Connor, Peter},
  journal={Journal of Computer-Mediated Communication},
  volume={13},
  number={1},
  pages={60--75},
  year={2007},
  publisher={Oxford University Press Oxford, UK}
}

@inproceedings{robillard2017demand,
  title={On-demand developer documentation},
  author={Robillard, Martin P and Marcus, Andrian and Treude, Christoph and Bavota, Gabriele and Chaparro, Oscar and Ernst, Neil and Gerosa, Marco Aur{\'e}lio and Godfrey, Michael and Lanza, Michele and Linares-V{\'a}squez, Mario and others},
  booktitle={2017 IEEE International conference on software maintenance and evolution (ICSME)},
  pages={479--483},
  year={2017},
  organization={IEEE}
}

@inproceedings{aghajani2019software,
  title={Software documentation issues unveiled},
  author={Aghajani, Emad and Nagy, Csaba and Vega-M{\'a}rquez, Olga Lucero and Linares-V{\'a}squez, Mario and Moreno, Laura and Bavota, Gabriele and Lanza, Michele},
  booktitle={2019 IEEE/ACM 41st International Conference on Software Engineering (ICSE)},
  pages={1199--1210},
  year={2019},
  organization={IEEE}
}

@inproceedings{herbsleb2007global,
  title={Global software engineering: The future of socio-technical coordination},
  author={Herbsleb, James D},
  booktitle={Future of Software Engineering (FOSE'07)},
  pages={188--198},
  year={2007},
  organization={IEEE}
}

@article{german2003gnome,
  title={The GNOME project: a case study of open source, global software development},
  author={German, Daniel M},
  journal={Software Process: Improvement and Practice},
  volume={8},
  number={4},
  pages={201--215},
  year={2003},
  publisher={Wiley Online Library}
}

@inproceedings{al2013globally,
  title={Globally distributed system developers: their trust expectations and processes},
  author={Al-Ani, Ban and Bietz, Matthew J and Wang, Yi and Trainer, Erik and Koehne, Benjamin and Marczak, Sabrina and Redmiles, David and Prikladnicki, Rafael},
  booktitle={Proceedings of the 2013 conference on Computer supported cooperative work},
  pages={563--574},
  year={2013}
}

@article{olson2000distance,
  title={Distance matters},
  author={Olson, Gary M and Olson, Judith S},
  journal={Human--computer interaction},
  volume={15},
  number={2-3},
  pages={139--178},
  year={2000},
  publisher={Taylor \& Francis}
}

@inproceedings{buse2010automatically,
  title={Automatically documenting program changes},
  author={Buse, Raymond PL and Weimer, Westley R},
  booktitle={Proceedings of the IEEE/ACM international conference on Automated software engineering},
  pages={33--42},
  year={2010}
}


@inproceedings{hassan2008road,
  title={The road ahead for mining software repositories},
  author={Hassan, Ahmed E},
  booktitle={2008 Frontiers of Software Maintenance},
  pages={48--57},
  year={2008},
  organization={IEEE}
}

@inproceedings{d2010commit,
  title={Commit 2.0},
  author={D'Ambros, Marco and Lanza, Michele and Robbes, Romain},
  booktitle={Proceedings of the 1st Workshop on Web 2.0 for Software Engineering},
  pages={14--19},
  year={2010}
}

@inproceedings{girba2005developers,
  title={How developers drive software evolution},
  author={Girba, Tudor and Kuhn, Adrian and Seeberger, Mauricio and Ducasse, St{\'e}phane},
  booktitle={Eighth international workshop on principles of software evolution (IWPSE'05)},
  pages={113--122},
  year={2005},
  organization={IEEE}
}

@inproceedings{maalej2009work,
  title={From work to word: How do software developers describe their work?},
  author={Maalej, Walid and Happel, Hans-Jorg},
  booktitle={2009 6th IEEE International Working Conference on Mining Software Repositories},
  pages={121--130},
  year={2009},
  organization={IEEE}
}

@inproceedings{murphy2009attacking,
  title={Attacking information overload in software development},
  author={Murphy, Gail},
  booktitle={2009 IEEE Symposium on Visual Languages and Human-Centric Computing (VL/HCC)},
  pages={4--4},
  year={2009},
  organization={IEEE}
}


@inproceedings{maalej2010can,
  title={Can development work describe itself?},
  author={Maalej, Walid and Happel, Hans-J{\"o}rg},
  booktitle={2010 7th IEEE working conference on mining software repositories (MSR 2010)},
  pages={191--200},
  year={2010},
  organization={IEEE}
}


@article{storey2016social,
  title={How social and communication channels shape and challenge a participatory culture in software development},
  author={Storey, Margaret-Anne and Zagalsky, Alexey and Figueira Filho, Fernando and Singer, Leif and German, Daniel M},
  journal={IEEE Transactions on Software Engineering},
  volume={43},
  number={2},
  pages={185--204},
  year={2016},
  publisher={IEEE}
}

@inproceedings{dabbish2012social,
  title={Social coding in GitHub: transparency and collaboration in an open software repository},
  author={Dabbish, Laura and Stuart, Colleen and Tsay, Jason and Herbsleb, Jim},
  booktitle={Proceedings of the ACM 2012 conference on computer supported cooperative work},
  pages={1277--1286},
  year={2012}
}

@article{ye2017structure,
  title={The structure and dynamics of knowledge network in domain-specific q\&a sites: a case study of stack overflow},
  author={Ye, Deheng and Xing, Zhenchang and Kapre, Nachiket},
  journal={Empirical Software Engineering},
  volume={22},
  number={1},
  pages={375--406},
  year={2017},
  publisher={Springer}
}

@inproceedings{xiong2017mining,
  title={Mining Developer Behavior Across GitHub and StackOverflow.},
  author={Xiong, Yunxiang and Meng, Zhangyuan and Shen, Beijun and Yin, Wei},
  booktitle={SEKE},
  pages={578--583},
  year={2017}
}

@inproceedings{zhou2017automated,
  title={Automated identification of security issues from commit messages and bug reports},
  author={Zhou, Yaqin and Sharma, Asankhaya},
  booktitle={Proceedings of the 2017 11th joint meeting on foundations of software engineering},
  pages={914--919},
  year={2017}
}

@inproceedings{nagar2012you,
title={What do you think? The structuring of an online community as a collective-sensemaking process},
author={Nagar, Yiftach},
booktitle={Proceedings of the ACM 2012 conference on computer supported cooperative work},
pages={393--402},
year={2012}
}

@inproceedings{forte2012coordination,
title={Coordination and beyond: social functions of groups in open content production},
author={Forte, Andrea and Kittur, Niki and Larco, Vanessa and Zhu, Haiyi and Bruckman, Amy and Kraut, Robert E},
booktitle={Proceedings of the ACM 2012 conference on Computer Supported Cooperative Work},
pages={417--426},
year={2012}
}

@inproceedings{kittur2010beyond,
title={Beyond Wikipedia: coordination and conflict in online production groups},
author={Kittur, Aniket and Kraut, Robert E},
booktitle={Proceedings of the 2010 ACM conference on Computer supported cooperative work},
pages={215--224},
year={2010}
}



@inproceedings{vasilescu2013stackoverflow,
title={Stackoverflow and github: Associations between software development and crowdsourced knowledge},
author={Vasilescu, Bogdan and Filkov, Vladimir and Serebrenik, Alexander},
booktitle={2013 International Conference on Social Computing},
pages={188--195},
year={2013},
organization={IEEE}
}


@inproceedings{vasilescu2014social,
title={How social Q\&A sites are changing knowledge sharing in open source software communities},
author={Vasilescu, Bogdan and Serebrenik, Alexander and Devanbu, Prem and Filkov, Vladimir},
booktitle={Proceedings of the 17th ACM conference on Computer supported cooperative work \& social computing},
pages={342--354},
year={2014}
}

@article{hata2022github,
  title={GitHub Discussions: An exploratory study of early adoption},
  author={Hata, Hideaki and Novielli, Nicole and Baltes, Sebastian and Kula, Raula Gaikovina and Treude, Christoph},
  journal={Empirical Software Engineering},
  volume={27},
  number={1},
  pages={1--32},
  year={2022},
  publisher={Springer}
}

@inproceedings{aniche2018modern,
title={How modern news aggregators help development communities shape and share knowledge},
author={Aniche, Maur{\'\i}cio and Treude, Christoph and Steinmacher, Igor and Wiese, Igor and Pinto, Gustavo and Storey, Margaret-Anne and Gerosa, Marco Aur{\'e}lio},
booktitle={2018 IEEE/ACM 40th International Conference on Software Engineering (ICSE)},
pages={499--510},
year={2018},
organization={IEEE}
}

@inproceedings{movshovitz2013analysis,
  title={Analysis of the reputation system and user contributions on a question answering website: Stackoverflow},
  author={Movshovitz-Attias, Dana and Movshovitz-Attias, Yair and Steenkiste, Peter and Faloutsos, Christos},
  booktitle={2013 IEEE/ACM International Conference on Advances in Social Networks Analysis and Mining (ASONAM 2013)},
  pages={886--893},
  year={2013},
  organization={IEEE}
}

@inproceedings{gomez2013study,
  title={A study of innovation diffusion through link sharing on stack overflow},
  author={G{\'o}mez, Carlos and Cleary, Brendan and Singer, Leif},
  booktitle={2013 10th Working Conference on Mining Software Repositories (MSR)},
  pages={81--84},
  year={2013},
  organization={IEEE}
}

@article{baltes2019usage,
  title={Usage and attribution of Stack Overflow code snippets in GitHub projects},
  author={Baltes, Sebastian and Diehl, Stephan},
  journal={Empirical Software Engineering},
  volume={24},
  number={3},
  pages={1259--1295},
  year={2019},
  publisher={Springer}
}



@inproceedings{zhang2018within,
  title={Within-ecosystem issue linking: a large-scale study of rails},
  author={Zhang, Yang and Yu, Yue and Wang, Huaimin and Vasilescu, Bogdan and Filkov, Vladimir},
  booktitle={Proceedings of the 7th International Workshop on Software Mining},
  pages={12--19},
  year={2018}
}

@article{zhang2020ilinker,
  title={iLinker: a novel approach for issue knowledge acquisition in GitHub projects},
  author={Zhang, Yang and Wu, Yiwen and Wang, Tao and Wang, Huaimin},
  journal={World Wide Web},
  volume={23},
  number={3},
  pages={1589--1619},
  year={2020},
  publisher={Springer}
}

@inproceedings{rath2018traceability,
  title={Traceability in the wild: automatically augmenting incomplete trace links},
  author={Rath, Michael and Rendall, Jacob and Guo, Jin LC and Cleland-Huang, Jane and M{\"a}der, Patrick},
  booktitle={Proceedings of the 40th International Conference on Software Engineering},
  pages={834--845},
  year={2018}
}

@article{wang2021understanding,
  title={Understanding shared links and their intentions to meet information needs in modern code review},
  author={Wang, Dong and Xiao, Tao and Thongtanunam, Patanamon and Kula, Raula Gaikovina and Matsumoto, Kenichi},
  journal={Empirical Software Engineering},
  volume={26},
  number={5},
  pages={1--32},
  year={2021},
  publisher={Springer}
}

@article{xiao2021characterizing,
  title={Characterizing and Mitigating Self-Admitted Technical Debt in Build Systems},
  author={Xiao, Tao and Wang, Dong and Mcintosh, Shane and Hata, Hideaki and Kula, Raula Gaikovina and Ishio, Takashi and Matsumoto, Kenichi},
  journal={IEEE Transactions on Software Engineering},
  year={2021},
  publisher={IEEE}
}

@article{shimada2022github,
  title={GitHub Sponsors: Exploring a New Way to Contribute to Open Source},
  author={Shimada, Naomichi and Xiao, Tao and Hata, Hideaki and Treude, Christoph and Matsumoto, Kenichi},
  booktitle={2022 IEEE/ACM 44st International Conference on Software Engineering (ICSE)},
  pages={To be appear},
  organization={IEEE},
  year={2022}
}

@article{tian2022makes,
  title={What Makes a Good Commit Message?},
  author={Tian, Yingchen and Zhang, Yuxia and Stol, Klaas-Jan and Jiang, Lin and Liu, Hui},
  booktitle={2022 IEEE/ACM 44st International Conference on Software Engineering (ICSE)},
  journal={},
  pages={To be appear},
  organization={IEEE},
  year={2022}
}

@article{wattanakriengkrai2022github,
  title={GitHub repositories with links to academic papers: Public access, traceability, and evolution},
  author={Wattanakriengkrai, Supatsara and Chinthanet, Bodin and Hata, Hideaki and Kula, Raula Gaikovina and Treude, Christoph and Guo, Jin and Matsumoto, Kenichi},
  journal={Journal of Systems and Software},
  volume={183},
  pages={111117},
  year={2022},
  publisher={Elsevier}
}

@article{abdalkareem2020machine,
  title={A machine learning approach to improve the detection of ci skip commits},
  author={Abdalkareem, Rabe and Mujahid, Suhaib and Shihab, Emad},
  journal={IEEE Transactions on Software Engineering},
  year={2020},
  publisher={IEEE}
}

@article{liu2021broken,
  title={Broken External Links on Stack Overflow},
  author={Liu, Jiakun and Xia, Xin and Lo, David and Zhang, Haoxiang and Zou, Ying and Hassan, Ahmed E and Li, Shanping},
  journal={IEEE Transactions on Software Engineering},
  year={2021},
  publisher={IEEE}
}

@article{liu2022exploratory,
  title={An exploratory study on the repeatedly shared external links on Stack Overflow},
  author={Liu, Jiakun and Zhang, Haoxiang and Xia, Xin and Lo, David and Zou, Ying and Hassan, Ahmed E and Li, Shanping},
  journal={Empirical Software Engineering},
  volume={27},
  number={1},
  pages={1--32},
  year={2022},
  publisher={Springer}
}

@article{baltes2022contextual,
  author    = {Sebastian Baltes and
               Christoph Treude and
               Martin P. Robillard},
  title     = {Contextual Documentation Referencing on Stack Overflow},
  journal   = {{IEEE} Trans. Software Eng.},
  volume    = {48},
  number    = {2},
  pages     = {135--149},
  year      = {2022},
  url       = {https://doi.org/10.1109/TSE.2020.2981898},
  doi       = {10.1109/TSE.2020.2981898},
  timestamp = {Tue, 15 Mar 2022 10:21:35 +0100},
  biburl    = {https://dblp.org/rec/journals/tse/BaltesTR22.bib},
  bibsource = {dblp computer science bibliography, https://dblp.org}
}

@inproceedings{gousios2013ghtorent,
  title={The GHTorent dataset and tool suite},
  author={Gousios, Georgios},
  booktitle={2013 10th Working Conference on Mining Software Repositories (MSR)},
  pages={233--236},
  year={2013},
  organization={IEEE}
}

@article{fleiss1971measuring,
  title={Measuring nominal scale agreement among many raters.},
  author={Fleiss, Joseph L},
  journal={Psychological bulletin},
  volume={76},
  number={5},
  pages={378},
  year={1971},
  publisher={American Psychological Association}
}

@INPROCEEDINGS{9796331,  author={Wu, Jianyu and He, Hao and Xiao, Wenxin and Gao, Kai and Zhou, Minghui},  booktitle={2022 IEEE/ACM 30th International Conference on Program Comprehension (ICPC)},   title={Demystifying Software Release Note Issues on GitHub},   year={2022},  volume={},  number={},  pages={602-613},  doi={10.1145/3524610.3527919}}

@article{liu2022method,
  title={A method for identifying references between projects in GitHub},
  author={Liu, Baochuan and Zhang, Li and Jiang, Jing and Wang, Liang},
  journal={Science of Computer Programming},
  volume={222},
  pages={102858},
  year={2022},
  publisher={Elsevier}
}

@inproceedings{zampetti2017developers,
  title={How developers document pull requests with external references},
  author={Zampetti, Fiorella and Ponzanelli, Luca and Bavota, Gabriele and Mocci, Andrea and Di Penta, Massimiliano and Lanza, Michele},
  booktitle={2017 IEEE/ACM 25th International Conference on Program Comprehension (ICPC)},
  pages={23--33},
  year={2017},
  organization={IEEE}
}

@inproceedings{schermann2015discovering,
  title={Discovering loners and phantoms in commit and issue data},
  author={Schermann, Gerald and Brandtner, Martin and Panichella, Sebastiano and Leitner, Philipp and Gall, Harald},
  booktitle={2015 IEEE 23rd International Conference on Program Comprehension},
  pages={4--14},
  year={2015},
  organization={IEEE}
}