@inproceedings{oda1996ets,
  title={ETS-VII, space robot in-orbit experiment satellite},
  author={Oda, Mitsushige and Kibe, Kouichi and Yamagata, Fumio},
  booktitle={Proceedings of IEEE international conference on robotics and automation},
  volume={1},
  pages={739--744},
  year={1996},
  organization={IEEE}
}
@inproceedings{yoshida2001zero,
  title={Zero reaction maneuver: Flight validation with ETS-VII space robot and extension to kinematically redundant arm},
  author={Yoshida, Kazuya and Hashizume, Kenichi and Abiko, Satoko},
  booktitle={Proceedings 2001 ICRA. IEEE International Conference on Robotics and Automation (Cat. No. 01CH37164)},
  volume={1},
  pages={441--446},
  year={2001},
  organization={IEEE}
}
@article{liu2016trajectory,
  title={Trajectory planning with pose feedback for a dual-arm space robot},
  author={Liu, Yicheng and Xie, Kedi and Zhang, Tao and Cai, Ning},
  journal={Journal of Control Science and Engineering},
  volume={2016},
  year={2016},
  publisher={Hindawi}
}
@article{yan2021trajectory,
  title={Trajectory planning and low-chattering fixed-time nonsingular terminal sliding mode control for a dual-arm free-floating space robot},
  author={Yan, Wen and Liu, Yicheng and Lan, Qijie and Zhang, Tao and Tu, Haiyan},
  journal={Robotica},
  pages={1--21},
  year={2021},
  publisher={Cambridge University Press}
}

@article{liu2021trajectory,
  title={Trajectory tracking for a dual-arm free-floating space robot with a class of general nonsingular predefined-time terminal sliding mode},
  author={Liu, Yicheng and Yan, Wen and Zhang, Tao and Yu, Chunxiao and Tu, Haiyan},
  journal={IEEE Transactions on Systems, Man, and Cybernetics: Systems},
  year={2021},
  publisher={IEEE}
}

@article{wang2015trajectory,
  title={Trajectory planning of free-floating space robot using Particle Swarm Optimization (PSO)},
  author={Wang, Mingming and Luo, Jianjun and Walter, Ulrich},
  journal={Acta Astronautica},
  volume={112},
  pages={77--88},
  year={2015},
  publisher={Elsevier}
}
@article{chen2017path,
  title={Path planning for a space-based manipulator system based on quantum genetic algorithm},
  author={Chen, Zhengcang and Zhou, Weijia},
  journal={Journal of Robotics},
  volume={2017},
  year={2017},
  publisher={Hindawi}
}
@article{zhao2020online,
  title={Online 3D Bin Packing with Constrained Deep Reinforcement Learning},
  author={Zhao, Hang and She, Qijin and Zhu, Chenyang and Yang, Yin and Xu, Kai},
  journal={arXiv preprint arXiv:2006.14978},
  year={2020}
}

@inproceedings{li2020learning,
  title={Learning hierarchical control for robust in-hand manipulation},
  author={Li, Tingguang and Srinivasan, Krishnan and Meng, Max Qing-Hu and Yuan, Wenzhen and Bohg, Jeannette},
  booktitle={2020 IEEE International Conference on Robotics and Automation (ICRA)},
  pages={8855--8862},
  year={2020},
  organization={IEEE}
}
@inproceedings{yan2018control,
  title={Control of free-floating space robots to capture targets using soft q-learning},
  author={Yan, Changzhi and Zhang, Qiyuan and Liu, Zhaoyang and Wang, Xueqian and Liang, Bin},
  booktitle={2018 IEEE International Conference on Robotics and Biomimetics (ROBIO)},
  pages={654--660},
  year={2018},
  organization={IEEE}
}
@article{li2021constrained,
  title={Constrained motion planning of free-float dual-arm space manipulator via deep reinforcement learning},
  author={Li, Yinkang and Hao, Xiaolong and She, Yuchen and Li, Shuang and Yu, Meng},
  journal={Aerospace Science and Technology},
  volume={109},
  pages={106446},
  year={2021},
  publisher={Elsevier}
}
@inproceedings{todorov2012mujoco,
  title={Mujoco: A physics engine for model-based control},
  author={Todorov, Emanuel and Erez, Tom and Tassa, Yuval},
  booktitle={2012 IEEE/RSJ International Conference on Intelligent Robots and Systems},
  pages={5026--5033},
  year={2012},
  organization={IEEE}
}
@misc{oliehoek2015concise,
  title={A concise introduction to decentralized POMDPs},
  author={Oliehoek, Frans A and Amato, Christopher},
  year={2015},
  publisher={Springer}
}

@inproceedings{kuffner2000rrt,
  title={RRT-connect: An efficient approach to single-query path planning},
  author={Kuffner, James J and LaValle, Steven M},
  booktitle={Proceedings 2000 ICRA. Millennium Conference. IEEE International Conference on Robotics and Automation. Symposia Proceedings (Cat. No. 00CH37065)},
  volume={2},
  pages={995--1001},
  year={2000},
  organization={IEEE}
}
@article{lillicrap2015continuous,
  title={Continuous control with deep reinforcement learning},
  author={Lillicrap, Timothy P and Hunt, Jonathan J and Pritzel, Alexander and Heess, Nicolas and Erez, Tom and Tassa, Yuval and Silver, David and Wierstra, Daan},
  journal={arXiv preprint arXiv:1509.02971},
  year={2015}
}
@article{andrychowicz2017hindsight,
  title={Hindsight experience replay},
  author={Andrychowicz, Marcin and Wolski, Filip and Ray, Alex and Schneider, Jonas and Fong, Rachel and Welinder, Peter and McGrew, Bob and Tobin, Josh and Abbeel, Pieter and Zaremba, Wojciech},
  journal={arXiv preprint arXiv:1707.01495},
  year={2017}
}

@inproceedings{rashid2018qmix,
  title={Qmix: Monotonic value function factorisation for deep multi-agent reinforcement learning},
  author={Rashid, Tabish and Samvelyan, Mikayel and Schroeder, Christian and Farquhar, Gregory and Foerster, Jakob and Whiteson, Shimon},
  booktitle={International Conference on Machine Learning},
  pages={4295--4304},
  year={2018},
  organization={PMLR}
}


@article{hu2003nash,
  title={Nash Q-learning for general-sum stochastic games},
  author={Hu, Junling and Wellman, Michael P},
  journal={Journal of machine learning research},
  volume={4},
  number={Nov},
  pages={1039--1069},
  year={2003}
}

@inproceedings{haarnoja2018soft,
  title={Soft actor-critic: Off-policy maximum entropy deep reinforcement learning with a stochastic actor},
  author={Haarnoja, Tuomas and Zhou, Aurick and Abbeel, Pieter and Levine, Sergey},
  booktitle={International conference on machine learning},
  pages={1861--1870},
  year={2018},
  organization={PMLR}
}

@article{schulman2017proximal,
  title={Proximal policy optimization algorithms},
  author={Schulman, John and Wolski, Filip and Dhariwal, Prafulla and Radford, Alec and Klimov, Oleg},
  journal={arXiv preprint arXiv:1707.06347},
  year={2017}
}

@inproceedings{fujimoto2018addressing,
  title={Addressing function approximation error in actor-critic methods},
  author={Fujimoto, Scott and Hoof, Herke and Meger, David},
  booktitle={International Conference on Machine Learning},
  pages={1587--1596},
  year={2018},
  organization={PMLR}
}

@misc{baselines,
  author = {Dhariwal, Prafulla and Hesse, Christopher and Klimov, Oleg and Nichol, Alex and Plappert, Matthias and Radford, Alec and Schulman, John and Sidor, Szymon and Wu, Yuhuai and Zhokhov, Peter},
  title = {OpenAI Baselines},
  year = {2017},
  publisher = {GitHub},
  journal = {GitHub repository},
  howpublished = {\url{https://github.com/openai/baselines}},
}

@misc{Project,
  author = {Project webpage},
  title = {[Online]},
  journal = {GitHub repository},
  howpublished = {\url{https://qq1242063902.wixsite.com/website}},
}

@article{2020Reinforcement,
  title={Reinforcement learning in dual-arm trajectory planning for a free-floating space robot},
  author={ Wu, Y. H.  and  Yu, Z. C.  and  Li, C. Y.  and  He, M. J.  and  Chen, Z. M. },
  journal={Aerospace Science and Technology},
  volume={98},
  number={1},
  pages={105657},
  year={2020},
}

@inproceedings{zhao2020sim,
  title={Sim-to-real transfer in deep reinforcement learning for robotics: a survey},
  author={Zhao, Wenshuai and Queralta, Jorge Pe{\~n}a and Westerlund, Tomi},
  booktitle={2020 IEEE Symposium Series on Computational Intelligence (SSCI)},
  pages={737--744},
  year={2020},
  organization={IEEE}
}

@article{WANG20181525,
title = {Optimal trajectory planning of free-floating space manipulator using differential evolution algorithm},
journal = {Advances in Space Research},
volume = {61},
number = {6},
pages = {1525-1536},
year = {2018},
issn = {0273-1177},
author = {Mingming Wang and Jianjun Luo and Jing Fang and Jianping Yuan},
keywords = {Trajectory planning, Free-floating, Reaction null-space, BÃ©zier curve, Differential evolution},
}


@INPROCEEDINGS{Wang20221multi,
  author={Wang, Shengjie and Zheng, Xiang and Cao, Yuxue and Zhang, Tao},
  booktitle={2021 IEEE/RSJ International Conference on Intelligent Robots and Systems (IROS)}, 
  title={A Multi-Target Trajectory Planning of a 6-DoF Free-Floating Space Robot via Reinforcement Learning}, 
  year={2021},
  volume={},
  number={},
  pages={3724-3730},}
  
 
@misc{long2018optimally,
      title={Towards Optimally Decentralized Multi-Robot Collision Avoidance via Deep Reinforcement Learning}, 
      author={Pinxin Long and Tingxiang Fan and Xinyi Liao and Wenxi Liu and Hao Zhang and Jia Pan},
      year={2018},
      eprint={1709.10082},
      archivePrefix={arXiv},
      primaryClass={cs.RO}
}




@inproceedings{chen2022system,
  title={A system for general in-hand object re-orientation},
  author={Chen, Tao and Xu, Jie and Agrawal, Pulkit},
  booktitle={Conference on Robot Learning},
  pages={297--307},
  year={2022},
  organization={PMLR}
}

@inproceedings{stooke2020responsive,
  title={Responsive safety in reinforcement learning by pid lagrangian methods},
  author={Stooke, Adam and Achiam, Joshua and Abbeel, Pieter},
  booktitle={International Conference on Machine Learning},
  pages={9133--9143},
  year={2020},
  organization={PMLR}
}

@article{geibel2005risk,
  title={Risk-sensitive reinforcement learning applied to control under constraints},
  author={Geibel, Peter and Wysotzki, Fritz},
  journal={Journal of Artificial Intelligence Research},
  volume={24},
  pages={81--108},
  year={2005}
}

@article{huang2021generalization,
  title={Generalization in Dexterous Manipulation via Geometry-Aware Multi-Task Learning},
  author={Huang, Wenlong and Mordatch, Igor and Abbeel, Pieter and Pathak, Deepak},
  journal={arXiv preprint arXiv:2111.03062},
  year={2021}
}

@inproceedings{qi2017pointnet,
  title={Pointnet: Deep learning on point sets for 3d classification and segmentation},
  author={Qi, Charles R and Su, Hao and Mo, Kaichun and Guibas, Leonidas J},
  booktitle={Proceedings of the IEEE conference on computer vision and pattern recognition},
  pages={652--660},
  year={2017}
}

@article{suwajanakorn2018discovery,
  title={Discovery of latent 3d keypoints via end-to-end geometric reasoning},
  author={Suwajanakorn, Supasorn and Snavely, Noah and Tompson, Jonathan J and Norouzi, Mohammad},
  journal={Advances in neural information processing systems},
  volume={31},
  year={2018}
}

@article{pomerleau2015review,
  title={A review of point cloud registration algorithms for mobile robotics},
  author={Pomerleau, Fran{\c{c}}ois and Colas, Francis and Siegwart, Roland},
  journal={Foundations and Trends in Robotics},
  volume={4},
  number={1},
  pages={1--104},
  year={2015}
}

@article{fujii2013extended,
  title={Extended kalman filter},
  author={Fujii, Keisuke},
  journal={Refernce Manual},
  pages={14--22},
  year={2013}
}

@inproceedings{brahmbhatt2019contactdb,
  title={Contactdb: Analyzing and predicting grasp contact via thermal imaging},
  author={Brahmbhatt, Samarth and Ham, Cusuh and Kemp, Charles C and Hays, James},
  booktitle={Proceedings of the IEEE/CVF conference on computer vision and pattern recognition},
  pages={8709--8719},
  year={2019}
}

@inproceedings{calli2015ycb,
  title={The ycb object and model set: Towards common benchmarks for manipulation research},
  author={Calli, Berk and Singh, Arjun and Walsman, Aaron and Srinivasa, Siddhartha and Abbeel, Pieter and Dollar, Aaron M},
  booktitle={2015 international conference on advanced robotics (ICAR)},
  pages={510--517},
  year={2015},
  organization={IEEE}
}


@article{wang2022collision,
  author={Wang, Shengjie and Cao, Yuxue and Zheng, Xiang and Zhang, Tao},
  journal={IEEE Robotics and Automation Letters}, 
  title={Collision-Free Trajectory Planning for a 6-DoF Free-Floating Space Robot via Hierarchical Decoupling Optimization}, 
  year={2022},
  volume={7},
  number={2},
  pages={4953-4960}
}

@inproceedings{huang2007adaptive,
  title={Adaptive sliding-mode control of space robot during manipulating unknown objects},
  author={Huang, Panfeng and Yuan, Jianping and Liang, Bin},
  booktitle={2007 IEEE International Conference on Control and Automation},
  pages={2907--2912},
  year={2007},
  organization={IEEE}
}

@inproceedings{yoshida2006capture,
  title={On the capture of tumbling satellite by a space robot},
  author={Yoshida, Kazuya and Dimitrov, Dimitar and Nakanishi, Hiroki},
  booktitle={2006 IEEE/RSJ International Conference on Intelligent Robots and Systems},
  pages={4127--4132},
  year={2006},
  organization={IEEE}
}

@article{wang2009passivity,
  title={Passivity based adaptive Jacobian tracking for free-floating space manipulators without using spacecraft acceleration},
  author={Wang, Hanlei and Xie, Yongchun},
  journal={Automatica},
  volume={45},
  number={6},
  pages={1510--1517},
  year={2009},
  publisher={Elsevier}
}


@article{lee2020learning,
  title={Learning quadrupedal locomotion over challenging terrain},
  author={Lee, Joonho and Hwangbo, Jemin and Wellhausen, Lorenz and Koltun, Vladlen and Hutter, Marco},
  journal={Science robotics},
  volume={5},
  number={47},
  pages={eabc5986},
  year={2020},
  publisher={American Association for the Advancement of Science}
}


@inproceedings{yu2020meta,
  title={Meta-world: A benchmark and evaluation for multi-task and meta reinforcement learning},
  author={Yu, Tianhe and Quillen, Deirdre and He, Zhanpeng and Julian, Ryan and Hausman, Karol and Finn, Chelsea and Levine, Sergey},
  booktitle={Conference on Robot Learning},
  pages={1094--1100},
  year={2020},
  organization={PMLR}
}


@article{li2022constrained,
  title={Constrained Motion Planning of 7-DOF Space Manipulator via Deep Reinforcement Learning Combined with Artificial Potential Field},
  author={Yinkang Li, Danyi Li, Wenshan Zhu, Jun Sun, Xiaolong Zhang, Shuang Li},
  journal={Aerospace},
  volume={9},
  pages={163-181},
  year={2022},
}

@article{zhong2021collision,
  title={Collision-free path planning for welding manipulator via hybrid algorithm of deep reinforcement learning and inverse kinematics},
  author={Jie Zhong, Tao Wang, Lianglun Cheng},
  journal={Complex Intelligent Systems},
  volume={2},
  year={2021},
}

@article{yamada2020motion,
  title={Motion Planner Augmented Reinforcement Learning for Robot Manipulation in Obstructed Environments},
  author={Yamada Jun, Lee Youngwoon, Salhotra Gautam, Pertsch, Karl},
  year = {2020},
  month = {10},
  pages = {},
}

@article{sang2020SelfConfiguring,
  author = {Sangiovanni Bianca, Incremona Gian Paolo, Piastra Marco ,Ferrara, Antonella},
  year = {2020},
  month = {06},
  pages = {1-1},
  title = {Self-Configuring Robot Path Planning With Obstacle Avoidance via Deep Reinforcement Learning},
  volume = {PP},
  journal = {IEEE Control Systems Letters},
  doi = {10.1109/LCSYS.2020.3002852}
}

@inproceedings{sina2016coordinated,
author = {Mirrazavi Sina, Figueroa Nadia, Billard Aude},
year = {2016},
month = {06},
pages = {},
title = {Coordinated multi-arm motion planning: Reaching for moving objects in the face of uncertainty},
doi = {10.15607/RSS.2016.XII.019}
}

@inproceedings{yan2018dualarm,
author = {Yan, Lei and Yang, Yiming and Xu, Wenfu and Vijayakumar, Sethu},
year = {2018},
month = {10},
pages = {},
title = {Dual-Arm Coordinated Motion Planning and Compliance Control for Capturing Moving Objects with Large Momentum},
doi = {10.1109/IROS.2018.8593853}
}

@inproceedings{yang2018planing,
author = {Yang Yiming, Merkt Wolfgang, Ivan Vladimir, Vijayakumar Sethu},
year = {2018},
month = {11},
pages = {1-9},
title = {Planning in Time-Configuration Space for Efficient Pick-and-Place in Non-Static Environments with Temporal Constraints},
doi = {10.1109/HUMANOIDS.2018.8624989}
}

@article{ha2020learning,
  title={Learning a decentralized multi-arm motion planner},
  author={Ha, Huy and Xu, Jingxi and Song, Shuran},
  journal={arXiv preprint arXiv:2011.02608},
  year={2020}
}

@article{prianto2020path,
  title={Path planning for multi-arm manipulators using deep reinforcement learning: Soft actor--critic with hindsight experience replay},
  author={Prianto, Evan and Kim, MyeongSeop and Park, Jae-Han and Bae, Ji-Hun and Kim, Jung-Su},
  journal={Sensors},
  volume={20},
  number={20},
  pages={5911},
  year={2020},
  publisher={Multidisciplinary Digital Publishing Institute}
}

@article{tsounis2020deepgait,
  title={Deepgait: Planning and control of quadrupedal gaits using deep reinforcement learning},
  author={Tsounis, Vassilios and Alge, Mitja and Lee, Joonho and Farshidian, Farbod and Hutter, Marco},
  journal={IEEE Robotics and Automation Letters},
  volume={5},
  number={2},
  pages={3699--3706},
  year={2020},
  publisher={IEEE}
}

@article{andrychowicz2020learning,
  title={Learning dexterous in-hand manipulation},
  author={Andrychowicz, OpenAI: Marcin and Baker, Bowen and Chociej, Maciek and Jozefowicz, Rafal and McGrew, Bob and Pachocki, Jakub and Petron, Arthur and Plappert, Matthias and Powell, Glenn and Ray, Alex and others},
  journal={The International Journal of Robotics Research},
  volume={39},
  number={1},
  pages={3--20},
  year={2020},
  publisher={SAGE Publications Sage UK: London, England}
}

