@inproceedings{berant2011,
    title = "Global Learning of Typed Entailment Rules",
    author = "Berant, Jonathan  and
      Dagan, Ido  and
      Goldberger, Jacob",
    booktitle = "Proceedings of the 49th Annual Meeting of the Association for Computational Linguistics: Human Language Technologies",
    month = jun,
    year = "2011",
    address = "Portland, Oregon, USA",
    publisher = "Association for Computational Linguistics",
    url = "https://www.aclweb.org/anthology/P11-1062",
    pages = "610--619",
}

@article{berant2015,
    title = "Efficient Global Learning of Entailment Graphs",
    author = "Berant, Jonathan  and
      Alon, Noga  and
      Dagan, Ido  and
      Goldberger, Jacob",
    journal = "Computational Linguistics",
    volume = "41",
    number = "2",
    month = jun,
    year = "2015",
    url = "https://www.aclweb.org/anthology/J15-2003",
    doi = "10.1162/COLI_a_00220",
    pages = "221--263",
}

@inproceedings{bollacker2008,
    author = {Bollacker, Kurt and Evans, Colin and Paritosh, Praveen and Sturge, Tim and Taylor, Jamie},
    title = {Freebase: A Collaboratively Created Graph Database for Structuring Human Knowledge},
    year = {2008},
    isbn = {9781605581026},
    publisher = {Association for Computing Machinery},
    address = {New York, NY, USA},
    url = {https://doi.org/10.1145/1376616.1376746},
    doi = {10.1145/1376616.1376746},
    booktitle = {Proceedings of the 2008 ACM SIGMOD International Conference on Management of Data},
    pages = {1247–1250},
    numpages = {4},
    location = {Vancouver, Canada},
    series = {SIGMOD '08}
}



@inproceedings{bowman2015,
    title = "A large annotated corpus for learning natural language inference",
    author = "Bowman, Samuel R.  and
      Angeli, Gabor  and
      Potts, Christopher  and
      Manning, Christopher D.",
    booktitle = "Proceedings of the 2015 Conference on Empirical Methods in Natural Language Processing",
    year = "2015",
    address = "Lisbon, Portugal",
    publisher = "Association for Computational Linguistics",
    url = "https://www.aclweb.org/anthology/D15-1075",
    doi = "10.18653/v1/D15-1075",
    pages = "632--642",
}

@inproceedings{chang2012,
    title = "{SUT}ime: A library for recognizing and normalizing time expressions",
    author = "Chang, Angel X.  and
      Manning, Christopher",
    booktitle = "Proceedings of the Eighth International Conference on Language Resources and Evaluation ({LREC}'12)",
    month = may,
    year = "2012",
    address = "Istanbul, Turkey",
    publisher = "European Language Resources Association (ELRA)",
    url = "http://www.lrec-conf.org/proceedings/lrec2012/pdf/284_Paper.pdf",
    pages = "3735--3740",
}

@misc{cooper1996,
    author = {Robin Cooper and Dick Crouch and Jan Van Eijck and Chris Fox and Josef Van Genabith and Jan Jaspars and Hans Kamp and David Milward and Manfred Pinkal and Massimo Poesio and Steve Pulman and Ted Briscoe and Holger Maier and Karsten Konrad},
    title = {Using the Framework},
    year = {1996}
}

@Article{dagan1999,
    title = "Similarity-Based Models of Word Cooccurrence Probabilities",
    author = "Ido Dagan and Lillian Lee and Fernando C. N. Pereira",
    journal = "Machine Learning",
    year = "1999",
    volume = "34",
    pages = "43--69",
    publisher = "Kluwer Academic Publishers, Boston",
}

@inproceedings{geffet2005,
    title = "The Distributional Inclusion Hypotheses and Lexical Entailment",
    author = "Geffet, Maayan  and
      Dagan, Ido",
    booktitle = "Proceedings of the 43rd Annual Meeting of the Association for Computational Linguistics ({ACL}{'}05)",
    month = jun,
    year = "2005",
    address = "Ann Arbor, Michigan",
    publisher = "Association for Computational Linguistics",
    url = "https://www.aclweb.org/anthology/P05-1014",
    doi = "10.3115/1219840.1219854",
    pages = "107--114",
}

@mastersthesis{holt2018,
  author       = {Xavier Holt}, 
  title        = {Probabilistic Models of Relational Implication},
  school       = {Macquarie University},
  year         = 2018,
}

@article{hosseini2018,
    title = "Learning Typed Entailment Graphs with Global Soft Constraints",
    author = "Hosseini, Mohammad Javad  and  Chambers, Nathanael  and
      Reddy, Siva  and  Holt, Xavier R.  and  Cohen, Shay B.  and
      Johnson, Mark  and  Steedman, Mark",
    journal = "Transactions of the Association for Computational Linguistics",
    volume = "6",
    year = "2018",
    url = "https://www.aclweb.org/anthology/Q18-1048",
    doi = "10.1162/tacl_a_00250",
    pages = "703--717",
}

@inproceedings{hosseini2019,
    title = "Duality of Link Prediction and Entailment Graph Induction",
    author = "Hosseini, Mohammad Javad  and
      Cohen, Shay B.  and
      Johnson, Mark  and
      Steedman, Mark",
    booktitle = "Proceedings of the 57th Annual Meeting of the Association for Computational Linguistics",
    month = jul,
    year = "2019",
    address = "Florence, Italy",
    publisher = "Association for Computational Linguistics",
    url = "https://www.aclweb.org/anthology/P19-1468",
    doi = "10.18653/v1/P19-1468",
    pages = "4736--4746"
}

@inproceedings{kober2019,
    title = "Temporal and Aspectual Entailment",
    author = "Kober, Thomas  and
      de Vroe, Sander Bijl  and
      Steedman, Mark",
    booktitle = "Proceedings of the 13th International Conference on Computational Semantics - Long Papers",
    month = may,
    year = "2019",
    address = "Gothenburg, Sweden",
    publisher = "Association for Computational Linguistics",
    url = "https://www.aclweb.org/anthology/W19-0409",
    doi = "10.18653/v1/W19-0409",
    pages = "103--119",
}

@inproceedings{levy2014,
    title = "Focused Entailment Graphs for Open {IE} Propositions",
    author = "Levy, Omer  and
      Dagan, Ido  and
      Goldberger, Jacob",
    booktitle = "Proceedings of the Eighteenth Conference on Computational Natural Language Learning",
    month = jun,
    year = "2014",
    address = "Ann Arbor, Michigan",
    publisher = "Association for Computational Linguistics",
    url = "https://www.aclweb.org/anthology/W14-1610",
    doi = "10.3115/v1/W14-1610",
    pages = "87--97",
}

@inproceedings{levy2016,
    title = "Annotating Relation Inference in Context via Question Answering",
    author = "Levy, Omer  and
      Dagan, Ido",
    booktitle = "Proceedings of the 54th Annual Meeting of the Association for Computational Linguistics (Volume 2: Short Papers)",
    month = aug,
    year = "2016",
    address = "Berlin, Germany",
    publisher = "Association for Computational Linguistics",
    url = "https://www.aclweb.org/anthology/P16-2041",
    doi = "10.18653/v1/P16-2041",
    pages = "249--255",
}

@article{lewis2013,
    title = "Combined Distributional and Logical Semantics",
    author = "Lewis, Mike  and  
    Steedman, Mark",
    journal = "Transactions of the Association for Computational Linguistics",
    volume = "1",
    year = "2013",
    url = "https://www.aclweb.org/anthology/Q13-1015",
    doi = "10.1162/tacl_a_00219",
    pages = "179--192",
}

@inproceedings{lin1998,
    author = {Lin, Dekang},
    title = {An Information-Theoretic Definition of Similarity},
    year = {1998},
    isbn = {1558605568},
    publisher = {Morgan Kaufmann Publishers Inc.},
    address = {San Francisco, CA, USA},
    booktitle = {Proceedings of the Fifteenth International Conference on Machine Learning},
    pages = {296–304},
    numpages = {9},
    series = {ICML '98}
}

@inproceedings{lin2001,
  address = {New York, NY, USA},
  author = {Lin, Dekang and Pantel, Patrick},
  booktitle = {Proceedings of the Seventh ACM SIGKDD International Conference on Knowledge Discovery and Data Mining (KDD'01)},
  doi = {10.1145/502512.502559},
  pages = {323--328},
  publisher = {ACM Press},
  title = {{DIRT}: {D}iscovery of {I}nference {R}ules from {T}ext},
  year = 2001
}

@inproceedings{ling2012,
    author = {Ling, Xiao and Weld, Daniel S.},
    title = {Fine-Grained Entity Recognition},
    year = {2012},
    publisher = {AAAI Press},
    booktitle = {Proceedings of the Twenty-Sixth AAAI Conference on Artificial Intelligence},
    pages = {94–100},
    numpages = {7},
    location = {Toronto, Ontario, Canada},
    series = {AAAI'12}
}

@inproceedings{manning2014,
    title = "The {S}tanford {C}ore{NLP} Natural Language Processing Toolkit",
    author = "Manning, Christopher  and
      Surdeanu, Mihai  and
      Bauer, John  and
      Finkel, Jenny  and
      Bethard, Steven  and
      McClosky, David",
    booktitle = "Proceedings of 52nd Annual Meeting of the Association for Computational Linguistics: System Demonstrations",
    month = jun,
    year = "2014",
    address = "Baltimore, Maryland",
    publisher = "Association for Computational Linguistics",
    url = "https://www.aclweb.org/anthology/P14-5010",
    doi = "10.3115/v1/P14-5010",
    pages = "55--60",
}

@article{nguyen2014,
  title={AIDA-light: High-Throughput Named-Entity Disambiguation.},
  author={Nguyen, Dat Ba and Hoffart, Johannes and Theobald, Martin and Weikum, Gerhard},
  journal={Workshop on Linked Data on the Web},
  volume={1184},
  pages={1--10},
  year={2014}
}

@inproceedings{schmitt2019,
    title = "{S}her{LI}i{C}: A Typed Event-Focused Lexical Inference Benchmark for Evaluating Natural Language Inference",
    author = {Schmitt, Martin  and
      Sch{\"u}tze, Hinrich},
    booktitle = "Proceedings of the 57th Annual Meeting of the Association for Computational Linguistics",
    month = jul,
    year = "2019",
    address = "Florence, Italy",
    publisher = "Association for Computational Linguistics",
    url = "https://www.aclweb.org/anthology/P19-1086",
    doi = "10.18653/v1/P19-1086",
    pages = "902--914",
}

@inproceedings{szpektor2008,
    title = "Learning Entailment Rules for Unary Templates",
    author = "Szpektor, Idan  and
      Dagan, Ido",
    booktitle = "Proceedings of the 22nd International Conference on Computational Linguistics (Coling 2008)",
    month = aug,
    year = "2008",
    address = "Manchester, UK",
    publisher = "Coling 2008 Organizing Committee",
    url = "https://www.aclweb.org/anthology/C08-1107",
    pages = "849--856",
}

@inproceedings{stanojevic2019,
    title = "{CCG} Parsing Algorithm with Incremental Tree Rotation",
    author = "Stanojevi{\'c}, Milo{\v{s}}  and Steedman, Mark",
    booktitle = "Proceedings of the 2019 Conference of the North {A}merican Chapter of the Association for Computational Linguistics: Human Language Technologies, Volume 1 (Long and Short Papers)",
    month = jun,
    year = "2019",
    address = "Minneapolis, Minnesota",
    publisher = "Association for Computational Linguistics",
    url = "https://www.aclweb.org/anthology/N19-1020",
    doi = "10.18653/v1/N19-1020",
    pages = "228--239",
}

@article{Steedman1987,  
    title     = "Combinatory grammars and parasitic gaps",  author    = "Mark Steedman",  
    year      = "1987",  
    month     = aug,  
    doi       = "10.1007/BF00134555",  
    language  = "English",  
    volume    = "5",  
    pages     = "403--439",  
    journal   = "Natural Language and Linguistic Theory",  
    issn      = "0167-806X",  
    publisher = "Springer Netherlands",  
    number    = "3"
}

@book{Steedman2000,
    author = {Steedman, Mark},
    title = {The Syntactic Process},
    year = {2000},
    isbn = {0262194201},
    publisher = {MIT Press},
    address = {Cambridge, MA, USA}
}

@inproceedings{weeds2003,
    title = "A General Framework for Distributional Similarity",
    author = "Weeds, Julie  and
      Weir, David",
    booktitle = "Proceedings of the 2003 Conference on Empirical Methods in Natural Language Processing",
    year = "2003",
    url = "https://www.aclweb.org/anthology/W03-1011",
    pages = "81--88",
}

@inproceedings{yu2020,
    title={Enriching Large-Scale Eventuality Knowledge Graph with Entailment Relations},
    author={Changlong Yu and Hongming Zhang and Yangqiu Song and Wilfred Ng and Lifeng Shang},
    booktitle={Automated Knowledge Base Construction},
    year={2020},
    url={https://openreview.net/forum?id=-oXaOxy6up}
}

@inproceedings{zeichner2012,
    title = "Crowdsourcing Inference-Rule Evaluation",
    author = "Zeichner, Naomi  and
      Berant, Jonathan  and
      Dagan, Ido",
    booktitle = "Proceedings of the 50th Annual Meeting of the Association for Computational Linguistics (Volume 2: Short Papers)",
    month = jul,
    year = "2012",
    address = "Jeju Island, Korea",
    publisher = "Association for Computational Linguistics",
    url = "https://www.aclweb.org/anthology/P12-2031",
    pages = "156--160",
}

@inproceedings{zhang2013,
  title={Harvesting parallel news streams to generate paraphrases of event relations},
  author={Zhang, Congle and Weld, Daniel S},
  booktitle={Proceedings of the 2013 Conference on Empirical Methods in Natural Language Processing},
  pages={1776--1786},
  year={2013}
}

@article{reichenbach1947tenses,
  title={The tenses of verbs},
  author={Reichenbach, Hans},
  journal={Time: From Concept to Narrative Construct: a Reader},
  year={1947}
}

@inproceedings{uzzaman2013semeval,
  title={Semeval-2013 task 1: Tempeval-3: Evaluating time expressions, events, and temporal relations},
  author={UzZaman, Naushad and Llorens, Hector and Derczynski, Leon and Allen, James and Verhagen, Marc and Pustejovsky, James},
  booktitle={Second Joint Conference on Lexical and Computational Semantics (* SEM), Volume 2: Proceedings of the Seventh International Workshop on Semantic Evaluation (SemEval 2013)},
  volume={2},
  pages={1--9},
  year={2013}
}