% This file was created with JabRef 2.10.
% Encoding: UTF-8


@Article{Calandra2016,
  Title                    = {Bayesian Optimization for Learning Gaits under Uncertainty},
  Author                   = {Calandra, Roberto and Andr\'e Seyfarth and Peters, Jan and Marc P. Deisenroth},
  Journal                  = {Annals of Mathematics and Artificial Intelligence (AMAI)},
  Year                     = {2016},
  Number                   = {1},
  Pages                    = {5--23},
  Volume                   = {76},

  Doi                      = {10.1007/s10472-015-9463-9},
  ISSN                     = {1573-7470},
  Keywords                 = {Gait Optimization, Bayesian Optimization, Bipedal Locomotion, Optimization},
  Owner                    = {Roberto Calandra},
  Timestamp                = {2015.05.06}
}

@article{mnih2015human,
  title={Human-level control through deep reinforcement learning},
  author={Mnih, Volodymyr and Kavukcuoglu, Koray and Silver, David and Rusu, Andrei A and Veness, Joel and Bellemare, Marc G and Graves, Alex and Riedmiller, Martin and Fidjeland, Andreas K and Ostrovski, Georg and others},
  journal={Nature},
  volume={518},
  number={7540},
  pages={529},
  year={2015},
  publisher={Nature Publishing Group}
}

@article{schulman2017proximal,
  title={Proximal policy optimization algorithms},
  author={Schulman, John and Wolski, Filip and Dhariwal, Prafulla and Radford, Alec and Klimov, Oleg},
  journal={arXiv preprint arXiv:1707.06347},
  year={2017}
}

@article{singh2019end,
  title={End-to-End Robotic Reinforcement Learning without Reward Engineering},
  author={Singh, Avi and Yang, Larry and Hartikainen, Kristian and Finn, Chelsea and Levine, Sergey},
  journal={arXiv preprint arXiv:1904.07854},
  year={2019}
}

@inproceedings{hessel2018rainbow,
  title={Rainbow: Combining improvements in deep reinforcement learning},
  author={Hessel, Matteo and Modayil, Joseph and Van Hasselt, Hado and Schaul, Tom and Ostrovski, Georg and Dabney, Will and Horgan, Dan and Piot, Bilal and Azar, Mohammad and Silver, David},
  booktitle={Thirty-Second AAAI Conference on Artificial Intelligence},
  year={2018}
}

@incollection{lazaric2012transfer,
  title={Transfer in reinforcement learning: a framework and a survey},
  author={Lazaric, Alessandro},
  booktitle={Reinforcement Learning},
  pages={143--173},
  year={2012},
  publisher={Springer}
}


@InProceedings{ostrovski17a,
  title = 	 {Count-Based Exploration with Neural Density Models},
  author = 	 {Georg Ostrovski and Marc G. Bellemare and A{\"a}ron van den Oord and R{\'e}mi Munos},
  booktitle = 	 {Proceedings of the 34th International Conference on Machine Learning},
  pages = 	 {2721--2730},
  year = 	 {2017},
  editor = 	 {Doina Precup and Yee Whye Teh},
  volume = 	 {70},
  series = 	 {Proceedings of Machine Learning Research},
  address = 	 {International Convention Centre, Sydney, Australia},
  month = 	 {06--11 Aug},
  publisher = 	 {PMLR},
}




@InProceedings{kim19a,
  title = 	 {{EMI}: Exploration with Mutual Information},
  author = 	 {Kim, Hyoungseok and Kim, Jaekyeom and Jeong, Yeonwoo and Levine, Sergey and Song, Hyun Oh},
  booktitle = 	 {Proceedings of the 36th International Conference on Machine Learning},
  pages = 	 {3360--3369},
  year = 	 {2019},
  editor = 	 {Chaudhuri, Kamalika and Salakhutdinov, Ruslan},
  volume = 	 {97},
  series = 	 {Proceedings of Machine Learning Research},
  address = 	 {Long Beach, California, USA},
  month = 	 {09--15 Jun},
  publisher = 	 {PMLR},
}

@inproceedings{
goyal2018transfer,
title={Transfer and Exploration via the Information Bottleneck},
author={Anirudh Goyal and Riashat Islam and DJ Strouse and Zafarali Ahmed and Hugo Larochelle and Matthew Botvinick and Sergey Levine and Yoshua Bengio},
booktitle={International Conference on Learning Representations},
year={2019},
}

@inproceedings{bengio2009curriculum,
  title={Curriculum learning},
  author={Bengio, Yoshua and Louradour, J{\'e}r{\^o}me and Collobert, Ronan and Weston, Jason},
  booktitle={Proceedings of the 26th annual international conference on machine learning},
  pages={41--48},
  year={2009},
  organization={ACM}
}

@article{wein2018,
  author    = {Daphna Weinshall and
               Gad Cohen},
  title     = {Curriculum Learning by Transfer Learning: Theory and Experiments with
               Deep Networks},
  journal   = {CoRR},
  volume    = {abs/1802.03796},
  year      = {2018},
  archivePrefix = {arXiv},
  eprint    = {1802.03796},
  timestamp = {Mon, 13 Aug 2018 16:48:57 +0200},
  bibsource = {dblp computer science bibliography, https://dblp.org}
}

@article{li2017deep,
  title={Deep reinforcement learning: An overview},
  author={Li, Yuxi},
  journal={arXiv preprint arXiv:1701.07274},
  year={2017}
}

@article{zaremba2014learning,
  title={Learning to execute},
  author={Zaremba, Wojciech and Sutskever, Ilya},
  journal={arXiv preprint arXiv:1410.4615},
  year={2014}
}

@inproceedings{
chevalier-boisvert2018babyai,
title={Baby{AI}: First Steps Towards Grounded Language Learning With a Human In the Loop},
author={Maxime Chevalier-Boisvert and Dzmitry Bahdanau and Salem Lahlou and Lucas Willems and Chitwan Saharia and Thien Huu Nguyen and Yoshua Bengio},
booktitle={International Conference on Learning Representations},
year={2019},
}


@article{parisi2019continual,
  title={Continual lifelong learning with neural networks: A review},
  author={Parisi, German I and Kemker, Ronald and Part, Jose L and Kanan, Christopher and Wermter, Stefan},
  journal={Neural Networks},
  year={2019},
  publisher={Elsevier}
}

@article{matiisen2017teacher,
  title={Teacher-student curriculum learning},
  author={Matiisen, Tambet and Oliver, Avital and Cohen, Taco and Schulman, John},
  journal={arXiv preprint arXiv:1707.00183},
  year={2017}
}

@inproceedings{graves2017automated,
  title={Automated curriculum learning for neural networks},
  author={Graves, Alex and Bellemare, Marc G and Menick, Jacob and Munos, Remi and Kavukcuoglu, Koray},
  booktitle={Proceedings of the 34th International Conference on Machine Learning-Volume 70},
  pages={1311--1320},
  year={2017},
  organization={JMLR. org}
}

@article{fournier2018,
  author    = {Pierre Fournier and
               Olivier Sigaud and
               Mohamed Chetouani and
               Pierre{-}Yves Oudeyer},
  title     = {Accuracy-based Curriculum Learning in Deep Reinforcement Learning},
  journal   = {CoRR},
  volume    = {abs/1806.09614},
  year      = {2018},
  archivePrefix = {arXiv},
  eprint    = {1806.09614},
  timestamp = {Mon, 13 Aug 2018 16:46:33 +0200},
  bibsource = {dblp computer science bibliography, https://dblp.org}
}

@article{elman1993learning,
  title={Learning and development in neural networks: The importance of starting small},
  author={Elman, Jeffrey L},
  journal={Cognition},
  volume={48},
  number={1},
  pages={71--99},
  year={1993},
  publisher={Elsevier}
}

@article{hochreiter1997long,
  title={Long short-term memory},
  author={Hochreiter, Sepp and Schmidhuber, J{\"u}rgen},
  journal={Neural computation},
  volume={9},
  number={8},
  pages={1735--1780},
  year={1997},
  publisher={MIT Press}
}

@article{wu2016training,
  title={Training agent for first-person shooter game with actor-critic curriculum learning},
  author={Wu, Yuxin and Tian, Yuandong},
  year={2016}
}

@misc{gym_minigrid,
  author = {Chevalier-Boisvert, Maxime and Willems, Lucas},
  title = {Minimalistic Gridworld Environment for OpenAI Gym},
  year = {2018},
  publisher = {GitHub},
  journal = {GitHub repository},
}

@article{kingma2014adam,
  title={Adam: A method for stochastic optimization},
  author={Kingma, Diederik P and Ba, Jimmy},
  journal={arXiv preprint arXiv:1412.6980},
  year={2014}
}