
@article{lecun2015deep,
  title={Deep learning},
  author={LeCun, Yann and Bengio, Yoshua and Hinton, Geoffrey},
  journal={nature},
  volume={521},
  number={7553},
  pages={436--444},
  year={2015},
  publisher={Nature Publishing Group}
}




@inproceedings{boldi2011layered,
  title={Layered label propagation: A multiresolution coordinate-free ordering for compressing social networks},
  author={Boldi, Paolo and Rosa, Marco and Santini, Massimo and Vigna, Sebastiano},
  booktitle={Proceedings of the 20th international conference on World wide web},
  pages={587--596},
  year={2011}
}

@inproceedings{xie2013labelrank,
  title={Labelrank: A stabilized label propagation algorithm for community detection in networks},
  author={Xie, Jierui and Szymanski, Boleslaw K},
  booktitle={2013 IEEE 2nd Network Science Workshop (NSW)},
  pages={138--143},
  year={2013},
  organization={IEEE}
}

@article{zhang2017label,
  title={Label propagation algorithm for community detection based on node importance and label influence},
  author={Zhang, Xian-Kun and Ren, Jing and Song, Chen and Jia, Jia and Zhang, Qian},
  journal={Physics Letters A},
  volume={381},
  number={33},
  pages={2691--2698},
  year={2017},
  publisher={Elsevier}
}

@article{jokar2019community,
  title={Community detection in social networks based on improved Label Propagation Algorithm and balanced link density},
  author={Jokar, Ehsan and Mosleh, Mohammad},
  journal={Physics Letters A},
  volume={383},
  number={8},
  pages={718--727},
  year={2019},
  publisher={Elsevier}
}

@inproceedings{alexandrescu2007data,
  title={Data-driven graph construction for semi-supervised graph-based learning in nlp},
  author={Alexandrescu, Andrei and Kirchhoff, Katrin},
  booktitle={Human Language Technologies 2007: The Conference of the North American Chapter of the Association for Computational Linguistics; Proceedings of the Main Conference},
  pages={204--211},
  year={2007}
}

@inproceedings{tamura2012bilingual,
  title={Bilingual lexicon extraction from comparable corpora using label propagation},
  author={Tamura, Akihiro and Watanabe, Taro and Sumita, Eiichiro},
  booktitle={Proceedings of the 2012 Joint Conference on Empirical Methods in Natural Language Processing and Computational Natural Language Learning},
  pages={24--36},
  year={2012}
}

@inproceedings{barba2020mulan,
  title={MuLaN: Multilingual Label propagatioN for word sense disambiguation},
  author={Barba, Edoardo and Procopio, Luigi and Campolungo, Niccolo and Pasini, Tommaso and Navigli, Roberto},
  booktitle={Proc. of IJCAI},
  pages={3837--3844},
  year={2020}
}

@inproceedings{wang2007efficient,
  title={Efficient label propagation for interactive image segmentation},
  author={Wang, Fei and Wang, Xin and Li, Tao},
  booktitle={Sixth international conference on machine learning and applications (ICMLA 2007)},
  pages={136--141},
  year={2007},
  organization={IEEE}
}

@article{breve2019interactive,
  title={Interactive image segmentation using label propagation through complex networks},
  author={Breve, Fabricio},
  journal={Expert Systems With Applications},
  volume={123},
  pages={18--33},
  year={2019},
  publisher={Elsevier}
}

@article{zhu2002learning,
  title={Learning from labeled and unlabeled data with label propagation},
  author={Zhu, Xiaojin and Ghahramani, Zoubin},
  year={2002},
  publisher={Citeseer}
}

@article{zhou2003learning,
  title={Learning with local and global consistency},
  author={Zhou, Dengyong and Bousquet, Olivier and Lal, Thomas and Weston, Jason and Sch{\"o}lkopf, Bernhard},
  journal={Advances in neural information processing systems},
  volume={16},
  pages={321--328},
  year={2003}
}

@article{wang2007label,
  title={Label propagation through linear neighborhoods},
  author={Wang, Fei and Zhang, Changshui},
  journal={IEEE Transactions on Knowledge and Data Engineering},
  volume={20},
  number={1},
  pages={55--67},
  year={2007},
  publisher={IEEE}
}

@book{villani2008optimal,
  title={Optimal transport: old and new},
  author={Villani, C{\'e}dric},
  volume={338},
  year={2008},
  publisher={Springer Science \& Business Media}
}

@article{santambrogio2015optimal,
  title={Optimal transport for applied mathematicians},
  author={Santambrogio, Filippo},
  journal={Birk{\"a}user, NY},
  volume={55},
  number={58-63},
  pages={94},
  year={2015},
  publisher={Springer}
}

@inproceedings{courty2014domain,
  title={Domain adaptation with regularized optimal transport},
  author={Courty, Nicolas and Flamary, R{\'e}mi and Tuia, Devis},
  booktitle={Joint European Conference on Machine Learning and Knowledge Discovery in Databases},
  pages={274--289},
  year={2014},
  organization={Springer}
}
@inproceedings{NIPS2017_0070d23b,
 author = {Courty, Nicolas and Flamary, R\'{e}mi and Habrard, Amaury and Rakotomamonjy, Alain},
 booktitle = {Advances in Neural Information Processing Systems},
 title = {Joint distribution optimal transportation for domain adaptation},
 year = {2017}
}

@article{courty2016optimal,
  title={Optimal transport for domain adaptation},
  author={Courty, Nicolas and Flamary, R{\'e}mi and Tuia, Devis and Rakotomamonjy, Alain},
  journal={IEEE transactions on pattern analysis and machine intelligence},
  volume={39},
  number={9},
  pages={1853--1865},
  year={2016},
  publisher={IEEE}
}


@inproceedings{bhushan2018deepjdot,
  title={Deepjdot: Deep joint distribution optimal transport for unsupervised domain adaptation},
  author={Bhushan Damodaran, Bharath and Kellenberger, Benjamin and Flamary, R{\'e}mi and Tuia, Devis and Courty, Nicolas},
  booktitle={Proceedings of the European Conference on Computer Vision (ECCV)},
  pages={447--463},
  year={2018}
}

@inproceedings{redko2019optimal,
  title={Optimal transport for multi-source domain adaptation under target shift},
  author={Redko, Ievgen and Courty, Nicolas and Flamary, R{\'e}mi and Tuia, Devis},
  booktitle={The 22nd International Conference on Artificial Intelligence and Statistics},
  pages={849--858},
  year={2019},
  organization={PMLR}
}



@inproceedings{redko2017theoretical,
  title={Theoretical analysis of domain adaptation with optimal transport},
  author={Redko, Ievgen and Habrard, Amaury and Sebban, Marc},
  booktitle={Joint European Conference on Machine Learning and Knowledge Discovery in Databases},
  pages={737--753},
  year={2017},
  organization={Springer}
}

@article{laclau2017co,
  title={Co-clustering through optimal transport},
  author={Laclau, Charlotte and Redko, Ievgen and Matei, Basarab and Bennani, Younes and Brault, Vincent},
  journal={arXiv preprint arXiv:1705.06189},
  year={2017}
}

@article{chakraborty2020hierarchical,
  title={Hierarchical clustering with optimal transport},
  author={Chakraborty, Saptarshi and Paul, Debolina and Das, Swagatam},
  journal={Statistics \& Probability Letters},
  pages={108781},
  year={2020},
  publisher={Elsevier}
}

@article{bouazza2019multi,
  title={Multi-view Clustering through Optimal Transport.},
  author={Bouazza, Fatima Ezzahraa Ben and Bennani, Youn{\`e}s and El Hamri, Mourad and Cabanes, Gu{\'e}na{\"e}l and Matei, Basarab and Touzani, Abdelfettah},
  journal={Aust. J. Intell. Inf. Process. Syst.},
  volume={15},
  number={3},
  pages={1--9},
  year={2019}
}

@inproceedings{bouazza2020collaborative,
  title={Collaborative Clustering Through Optimal Transport},
  author={Bouazza, Fatima Ezzahraa Ben and Bennani, Youn{\`e}s and Cabanes, Gu{\'e}na{\"e}l and Touzani, Abdelfettah},
  booktitle={International Conference on Artificial Neural Networks},
  pages={873--885},
  year={2020},
  organization={Springer}
}

@inproceedings{martin2017wasserstein,
  title={Wasserstein generative adversarial networks},
  author={Martin Arjovsky, SC and Bottou, Leon},
  booktitle={Proceedings of the 34 th International Conference on Machine Learning, Sydney, Australia},
  year={2017}
}

@article{salimans2018improving,
  title={Improving GANs using optimal transport},
  author={Salimans, Tim and Zhang, Han and Radford, Alec and Metaxas, Dimitris},
  journal={arXiv preprint arXiv:1803.05573},
  year={2018}
}

@inproceedings{rabin2011wasserstein,
  title={Wasserstein barycenter and its application to texture mixing},
  author={Rabin, Julien and Peyr{\'e}, Gabriel and Delon, Julie and Bernot, Marc},
  booktitle={International Conference on Scale Space and Variational Methods in Computer Vision},
  pages={435--446},
  year={2011},
  organization={Springer}
}

@article{de2012blue,
  title={Blue noise through optimal transport},
  author={De Goes, Fernando and Breeden, Katherine and Ostromoukhov, Victor and Desbrun, Mathieu},
  journal={ACM Transactions on Graphics (TOG)},
  volume={31},
  number={6},
  pages={1--11},
  year={2012},
  publisher={ACM New York, NY, USA}
}

@inproceedings{solomon2014wasserstein,
  title={Wasserstein propagation for semi-supervised learning},
  author={Solomon, Justin and Rustamov, Raif and Guibas, Leonidas and Butscher, Adrian},
  booktitle={International Conference on Machine Learning},
  pages={306--314},
  year={2014}
}

@inproceedings{taherkhani2020transporting,
  title={Transporting Labels via Hierarchical Optimal Transport for Semi-Supervised Learning},
  author={Taherkhani, Fariborz and Dabouei, Ali and Soleymani, Sobhan and Dawson, Jeremy and Nasrabadi, Nasser M},
  booktitle={European Conference on Computer Vision},
  pages={509--526},
  year={2020},
  organization={Springer}
}

@article{monge1781memoire,
  title={M{\'e}moire sur la th{\'e}orie des d{\'e}blais et des remblais},
  author={Monge, Gaspard},
  journal={Histoire de l'Acad{\'e}mie Royale des Sciences de Paris},
  year={1781}
}

@inproceedings{kantorovich1942translocation,
  title={On the translocation of masses},
  author={Kantorovich, Leonid Vitalievich},
  booktitle={Dokl. Akad. Nauk. USSR (NS)},
  volume={37},
  pages={199--201},
  year={1942}
}

@book{bertsimas1997introduction,
  title={Introduction to linear optimization},
  author={Bertsimas, Dimitris and Tsitsiklis, John N},
  volume={6},
  year={1997},
  publisher={Athena Scientific Belmont, MA}
}

@inproceedings{pele2009fast,
  title={Fast and robust earth mover's distances},
  author={Pele, Ofir and Werman, Michael},
  booktitle={2009 IEEE 12th International Conference on Computer Vision},
  pages={460--467},
  year={2009},
  organization={IEEE}
}

@article{weed2019sharp,
  title={Sharp asymptotic and finite-sample rates of convergence of empirical measures in Wasserstein distance},
  author={Weed, Jonathan and Bach, Francis and others},
  journal={Bernoulli},
  volume={25},
  number={4A},
  pages={2620--2648},
  year={2019},
  publisher={Bernoulli Society for Mathematical Statistics and Probability}
}

@inproceedings{cuturi2013sinkhorn,
  title={Sinkhorn distances: Lightspeed computation of optimal transport},
  author={Cuturi, Marco},
  booktitle={Advances in neural information processing systems},
  pages={2292--2300},
  year={2013}
}

@inproceedings{genevay2019sample,
  title={Sample complexity of sinkhorn divergences},
  author={Genevay, Aude and Chizat, L{\'e}naic and Bach, Francis and Cuturi, Marco and Peyr{\'e}, Gabriel},
  booktitle={The 22nd International Conference on Artificial Intelligence and Statistics},
  pages={1574--1583},
  year={2019},
  organization={PMLR}
}

@book{brualdi2006combinatorial,
  title={Combinatorial matrix classes},
  author={Brualdi, Richard A},
  volume={13},
  year={2006},
  publisher={Cambridge University Press}
}

@article{knight2008sinkhorn,
  title={The Sinkhorn--Knopp algorithm: convergence and applications},
  author={Knight, Philip A},
  journal={SIAM Journal on Matrix Analysis and Applications},
  volume={30},
  number={1},
  pages={261--275},
  year={2008},
  publisher={SIAM}
}

@article{peyre2019computational,
  title={Computational Optimal Transport: With Applications to Data Science},
  author={Peyr{\'e}, Gabriel and Cuturi, Marco and others},
  journal={Foundations and Trends{\textregistered} in Machine Learning},
  volume={11},
  number={5-6},
  pages={355--607},
  year={2019},
  publisher={Now Publishers, Inc.}
}

@article{van2020survey,
  title={A survey on semi-supervised learning},
  author={Van Engelen, Jesper E and Hoos, Holger H},
  journal={Machine Learning},
  volume={109},
  number={2},
  pages={373--440},
  year={2020},
  publisher={Springer}
}

@article{chapelle2009semi,
  title={Semi-supervised learning (chapelle, o. et al., eds.; 2006)[book reviews]},
  author={Chapelle, Olivier and Scholkopf, Bernhard and Zien, Alexander},
  journal={IEEE Transactions on Neural Networks},
  volume={20},
  number={3},
  pages={542--542},
  year={2009},
  publisher={IEEE}
}

@article{subramanya2014graph,
  title={Graph-based semi-supervised learning},
  author={Subramanya, Amarnag and Talukdar, Partha Pratim},
  journal={Synthesis Lectures on Artificial Intelligence and Machine Learning},
  volume={8},
  number={4},
  pages={1--125},
  year={2014},
  publisher={Morgan \& Claypool Publishers}
}

@book{asratian1998bipartite,
  title={Bipartite graphs and their applications},
  author={Asratian, Armen S and Denley, Tristan MJ and H{\"a}ggkvist, Roland},
  volume={131},
  year={1998},
  publisher={Cambridge university press}
}


@inproceedings{iscen2019label,
  title={Label propagation for deep semi-supervised learning},
  author={Iscen, Ahmet and Tolias, Giorgos and Avrithis, Yannis and Chum, Ondrej},
  booktitle={Proceedings of the IEEE conference on computer vision and pattern recognition},
  pages={5070--5079},
  year={2019}
}

@article{shannon2001mathematical,
  title={A mathematical theory of communication},
  author={Shannon, Claude Elwood},
  journal={ACM SIGMOBILE mobile computing and communications review},
  volume={5},
  number={1},
  pages={3--55},
  year={2001},
  publisher={ACM New York, NY, USA}
}

@article{bengio200611,
  title={11 label propagation and quadratic criterion},
  author={Bengio, Yoshua and Delalleau, Olivier and Le Roux, Nicolas},
  year={2006}
}

@inproceedings{delalleau2005efficient,
  title={Efficient Non-Parametric Function Induction in Semi-Supervised Learning.},
  author={Delalleau, Olivier and Bengio, Yoshua and Le Roux, Nicolas},
  booktitle={AISTATS},
  volume={27},
  number={28},
  pages={100},
  year={2005},
  organization={Citeseer}
}


@article{liu2019evaluation,
  title={Evaluation of community detection methods},
  author={Liu, Xin and Cheng, Hui-Min and Zhang, Zhong-Yuan},
  journal={IEEE Transactions on Knowledge and Data Engineering},
  year={2019},
  publisher={IEEE}
}

@article{dom2012information,
  title={An information-theoretic external cluster-validity measure},
  author={Dom, Byron E},
  year={2012}
}

@article{hubert1985comparing,
  title={Comparing partitions},
  author={Hubert, Lawrence and Arabie, Phipps},
  journal={Journal of classification},
  volume={2},
  number={1},
  pages={193--218},
  year={1985},
  publisher={Springer}
}a


@article{ng2001spectral,
  title={On spectral clustering: Analysis and an algorithm},
  author={Ng, Andrew and Jordan, Michael and Weiss, Yair},
  journal={Advances in neural information processing systems},
  volume={14},
  pages={849--856},
  year={2001}
}

@article{demvsar2006statistical,
  title={Statistical comparisons of classifiers over multiple data sets},
  author={Dem{\v{s}}ar, Janez},
  journal={Journal of Machine learning research},
  volume={7},
  number={Jan},
  pages={1--30},
  year={2006}
}


@techreport{zhu2005semi,
  title={Semi-supervised learning literature survey},
  author={Zhu, Xiaojin Jerry},
  year={2005},
  institution={University of Wisconsin-Madison Department of Computer Sciences}
}


@misc{turkey1977exploratory,
  title={Exploratory Data Analysis, vol. 2},
  author={Turkey, JW},
  year={1977},
  publisher={Addison-Wesley Publishing Company}
}

@article{nemirovski1999complexity,
  title={On complexity of matrix scaling},
  author={Nemirovski, Arkadi and Rothblum, Uriel},
  journal={Linear Algebra and its Applications},
  volume={302},
  pages={435--460},
  year={1999},
  publisher={Elsevier}
}

@inproceedings{liu2010non,
  title={Non-negative matrix factorization with constraints},
  author={Liu, Haifeng and Wu, Zhaohui},
  booktitle={Proceedings of the AAAI Conference on Artificial Intelligence},
  volume={24},
  number={1},
  year={2010}
}

@article{liu2017partition,
  title={Partition level constrained clustering},
  author={Liu, Hongfu and Tao, Zhiqiang and Fu, Yun},
  journal={IEEE transactions on pattern analysis and machine intelligence},
  volume={40},
  number={10},
  pages={2469--2483},
  year={2017},
  publisher={IEEE}
}

@INPROCEEDINGS{4457250,
  author={Cabanes, Guenael and Bennani, Younes},
  booktitle={Sixth International Conference on Machine Learning and Applications (ICMLA 2007)},
  title={A simultaneous two-level clustering algorithm for automatic model selection},
  year={2007},
  pages={316-321},
  doi={10.1109/ICMLA.2007.71}}
  
  
@inproceedings{bennani1992text,
  title={Text-independent talker identification system combining connectionist and conventional models},
  author={Bennani, Younes}
}


@book{bennani2002feature,
 title={Feature selection for pattern recognition},
    author={Cakmakov, Dusan and Bennani, Younes}
}
