
@article{choi2017kapre,
  title={Kapre: On-gpu audio preprocessing layers for a quick implementation of deep neural network models with keras},
  author={Choi, K. and Joo, D. and Kim, J.},
  journal={arXiv preprint arXiv:1706.05781},
  year={2017}
}


@article{balamurali2019toward,
  title={Toward Robust Audio Spoofing Detection: A Detailed Comparison of Traditional and Learned Features},
  author={Balamurali, BT and Lin, Kinwah Edward and Lui, Simon and Chen, Jer-Ming and Herremans, Dorien},
  journal={IEEE Access},
  volume={7},
  pages={84229--84241},
  year={2019},
  publisher={IEEE}
}

@inproceedings{nnAudio,
  title={nn{A}udio: A PyTorch Audio Processing Tool Using 1{D} Convolution neural networks},
  author={Kin Wai Cheuk and Kat Agres and Dorien Herremans},
  booktitle={ISMIR--Late breaking demo},
  address = {Delft, The Netherlands},
  year={2019}
}

@article{paszke2017automatic,
  title={Automatic differentiation in PyTorch},
  author={Paszke, A. and Gross, S. and Chintala, S. and Chanan, G. and Yang, E. and DeVito, Z. and Lin, Z. and Desmaison, A. and Antiga, L. and Lerer, A.},
  journal={{NIPS} 2017 Autodiff Workshop},
  year={2017}
}

@misc{Charles2013,
  author = {Charles, P.W.D.},
  title = {Project Title},
  year = {2013},
  publisher = {GitHub},
  journal = {GitHub repository},
  howpublished = {\url{https://github.com/charlespwd/project-title}},
  commit = {4f57d6a0e4c030202a07a60bc1bb1ed1544bf679}
}


@misc{tensorflow2015-whitepaper,
title={{TensorFlow}: Large-Scale Machine Learning on Heterogeneous Systems},
url={http://tensorflow.org/},
note={Software available from tensorflow.org},
author={Abadi, M. and Ashish~Agarwal and Mart\'{\i}n~Abadi and others},
  year={2015},
}
    % Ashish~Agarwal andand et. al},
    % Mart\'{\i}n~Abadi and
    % Ashish~Agarwal and
    % Paul~Barham and
    % Eugene~Brevdo and
    % Zhifeng~Chen and
    % Craig~Citro and
    % Greg~S.~Corrado and
    % Andy~Davis and
    % Jeffrey~Dean and
    % Matthieu~Devin and
    % Sanjay~Ghemawat and
    % Ian~Goodfellow and
    % Andrew~Harp and
    % Geoffrey~Irving and
    % Michael~Isard and
    % Yangqing Jia and
    % Rafal~Jozefowicz and
    % Lukasz~Kaiser and
    % Manjunath~Kudlur and
    % Josh~Levenberg and
    % Dan~Man\'{e} and
    % Rajat~Monga and
    % Sherry~Moore and
    % Derek~Murray and
    % Chris~Olah and
    % Mike~Schuster and
    % Jonathon~Shlens and
    % Benoit~Steiner and
    % Ilya~Sutskever and
    % Kunal~Talwar and
    % Paul~Tucker and
    % Vincent~Vanhoucke and
    % Vijay~Vasudevan and
    % Fernanda~Vi\'{e}gas and
    % Oriol~Vinyals and
    % Pete~Warden and
    % Martin~Wattenberg and
    % Martin~Wicke and
    % Yuan~Yu and
    % Xiaoqiang~Zheng},

@inproceedings{bergstra2010theano,
  title={Theano: a CPU and GPU math expression compiler},
  author={Bergstra, J. and et. at},
  booktitle={Proceedings of the Python for scientific computing conference (SciPy)},
  volume={4},
  number={3},
  year={2010},
  organization={Austin, TX}
}
%Breuleux, O. and Bastien, F. and Lamblin, P. and Pascanu, R. and Desjardins, G. and Turian, J. and Warde-Farley, D. and Bengio, Y.},

@article{al2016theano,
  title={Theano: A Python framework for fast computation of mathematical expressions},
  author={Al-Rfou, R. and Alain, G. and Almahairi, A. and  Angermuellerm C. and Bahdanau, D. and others},
  journal={arXiv preprint arXiv:1605.02688},
  year={2016}
}

% Angermueller Christof and Bahdanau, Dzmitry and Ballas, Nicolas and Bastien, Fr{\'e}d{\'e}ric and Bayer, Justin and Belikov, Anatoly and Belopolsky, Alexander and others},

% Example bibtex file for ISMIR Template


@online{torchaudio_mac,
  author = {K. Qu},
  title = {some problems when installing torchaudio on mac},
  year = 2019,
  howpublished = {\url{https://stackoverflow.com/q/56659166/}},
  note = {Accessed: 2019-09-10}
}


@online{torchaudio_win,
  author = {L. Ericson},
  title = {How to install torch audio on Windows 10 conda?},
  year = 2019, 
  howpublished = {\url{https://stackoverflow.com/q/54872876}},
  note = {Accessed: 2019-09-10}
}

@article{Stevens1937ASF,
  title={A Scale for the Measurement of the Psychological Magnitude Pitch},
  author={S. S. Stevens and John E. Volkmann and E. B. Newman},
  journal={The Journal of the Acoustical Society of America},
  year={1937}
}

@article{Stevens1940TheRO,
 ISSN = {00029556},
 URL = {http://www.jstor.org/stable/1417526},
 author = {S. S. Stevens and J. Volkmann},
 journal = {The American Journal of Psychology},
 number = {3},
 pages = {329--353},
 publisher = {University of Illinois Press},
 title = {The Relation of Pitch to Frequency: A Revised Scale},
 volume = {53},
 year = {1940}
}

@article{koening1949new,
  title={A new frequency scala for acoustic measurements},
  author={Koening, W},
  journal={Bell Lab Rec.},
  pages={299--301},
  year={1949}
}

@book{fant1949analys,
  title={Analys av de svenska konsonantljuden: talets allm{\"a}nna sv{\"a}ngningsstruktur},
  author={Fant, Gunnar},
  year={1949},
  publisher={LM Ericsson}
}

@article{slaney1998matlab,
  title={A matlab toolbox for auditory modeling work},
  author={Slaney, Malcom},
  journal={Interval Research Corporation},
  year={1998}
}

@article{young2002htk,
  title={The HTK book},
  author={Young, Steve and Evermann, Gunnar and Gales, Mark and Hain, Thomas and Kershaw, Dan and Liu, Xunying and Moore, Gareth and Odell, Julian and Ollason, Dave and Povey, Dan and others},
  journal={Cambridge university engineering department},
  volume={3},
  pages={175},
  year={2002},
  publisher={Cambridge Univ. Press}
}

@book{rabiner2011theory,
  title={Theory and applications of digital speech processing},
  author={Rabiner, Lawrence R and Schafer, Ronald W},
  volume={64},
  year={2011},
  publisher={Pearson Upper Saddle River, NJ}
}

@inproceedings{umesh1999fitting,
  title={Fitting the mel scale},
  author={Umesh, Srinivasan and Cohen, Leon and Nelson, D},
  booktitle={1999 {IEEE} International Conference on Acoustics, Speech, and Signal Processing. Proceedings. {ICASSP99} (Cat. No. 99CH36258)},
  volume={1},
  pages={217--220},
  year={1999}
}

@book{o1987speech,
  title={Speech communication: human and machine},
  author={O'shaughnessy, Douglas},
  year={1987},
  pages={150},
  publisher={Universities press}
}

@inproceedings{mcfee2015librosa,
  title={librosa: Audio and music signal analysis in python},
  author={McFee, Brian and Raffel, Colin and Liang, Dawen and Ellis, Daniel PW and McVicar, Matt and Battenberg, Eric and Nieto, Oriol},
  booktitle={Proceedings of the 14th python in science conference},
  volume={8},
  year={2015}
}

@article{brown1991calculation,
  title={Calculation of a constant Q spectral transform},
  author={Brown, Judith C},
  journal={The Journal of the Acoustical Society of America},
  volume={89},
  number={1},
  pages={425--434},
  year={1991},
  publisher={ASA}
}

@article{brown1992efficient,
  title={An efficient algorithm for the calculation of a constant Q transform},
  author={Brown, Judith C and Puckette, Miller S},
  journal={The Journal of the Acoustical Society of America},
  volume={92},
  number={5},
  pages={2698--2701},
  year={1992},
  publisher={ASA}
}

@inproceedings{fitzgerald2006towards,
  title={Towards an inverse constant Q transform},
  author={Fitzgerald, Derry and Cranitch, Matt and Cychowski, Marcin T},
  booktitle={Conference papers},
  pages={12},
  year={2006}
}

@article{haines1988logarithmic,
  title={Logarithmic fourier transformation},
  author={Haines, GV and Jones, Alan G},
  journal={Geophysical Journal International},
  volume={92},
  number={1},
  pages={171--178},
  year={1988},
  publisher={Blackwell Publishing Ltd Oxford, UK}
}

@inproceedings{Oppenheim1989DiscretetimeSP,
  title={Fourier Transform Theorems},
  author={Alan V. Oppenheim and Ronald W. Schafer},
  booktitle={Discrete-time signal processing},
  pages={60},
  year={1989}
}

@inproceedings{schorkhuber2010constant,
  title={Constant-Q transform toolbox for music processing},
  author={Sch{\"o}rkhuber, Christian and Klapuri, Anssi},
  booktitle={7th Sound and Music Computing Conference, Barcelona, Spain},
  pages={3--64},
  year={2010}
}

@article{emiya2010maps,
  title={MAPS-A piano database for multipitch estimation and automatic transcription of music},
  author={Emiya, Valentin and Bertin, Nancy and David, Bertrand and Badeau, Roland},
  year={2010}
}

@article{Davis1980ComparisonOP,
  title={Comparison of parametric representations for monosyllabic word recognition in continuously spoken sentences},
  author={Davis, Steven and Mermelstein, Paul},
  journal={IEEE transactions on acoustics, speech, and signal processing},
  volume={28},
  number={4},
  pages={357--366},
  year={1980},
  publisher={IEEE}
}

 
 @article{moffat2015evaluation,
  title={Comparison of parametric representations for monosyllabic word recognition in continuously spoken sentences},
  author={Davis, Steven and Mermelstein, Paul},
  journal={{IEEE} transactions on acoustics, speech, and signal processing},
  volume={28},
  number={4},
  pages={357--366},
  year={1980},
  publisher={IEEE}
}
 
@article{benetos2013automatic,
  title={Automatic music transcription: challenges and future directions},
  author={Benetos, Emmanouil and Dixon, Simon and Giannoulis, Dimitrios and Kirchhoff, Holger and Klapuri, Anssi},
  journal={Journal of Intelligent Information Systems},
  volume={41},
  number={3},
  pages={407--434},
  year={2013},
  publisher={Springer}
}

@inproceedings{holzapfel2019automatic,
  author    = {Andre Holzapfel and
               Emmanouil Benetos},
  editor    = {Arthur Flexer and
               Geoffroy Peeters and
               Juli{\'{a}}n Urbano and
               Anja Volk},
  title     = {Automatic Music Transcription and Ethnomusicology: a User Study},
  booktitle = {Proceedings of the 20th International Society for Music Information
               Retrieval Conference, {ISMIR}, Delft, The Netherlands, November},
  pages     = {678--684},
  year      = {2019},
  biburl    = {https://dblp.org/rec/conf/ismir/HolzapfelB19.bib},
  bibsource = {dblp computer science bibliography, https://dblp.org}
}



@inproceedings{Pons2017EndtoendLF,
  author    = {Jordi Pons and
               Oriol Nieto and
               Matthew Prockup and
               Erik M. Schmidt and
               Andreas F. Ehmann and
               Xavier Serra},
  editor    = {Emilia G{\'{o}}mez and
               Xiao Hu and
               Eric Humphrey and
               Emmanouil Benetos},
  title     = {End-to-end Learning for Music Audio Tagging at Scale},
  booktitle = {Proceedings of the 19th International Society for Music Information
               Retrieval Conference, {ISMIR}, Paris, France, September 23-27,
               2018},
  pages     = {637--644},
  year      = {2018},
  url       = {http://ismir2018.ircam.fr/doc/pdfs/191\_Paper.pdf},
  timestamp = {Thu, 12 Mar 2020 11:33:27 +0100},
  biburl    = {https://dblp.org/rec/conf/ismir/PonsNPSES18.bib},
  bibsource = {dblp computer science bibliography, https://dblp.org}
}

@book{q-factor,
  title={Introduction to Digital Filters with Audio Applications},
  author={ Julius O. Smith III},
  year={2007},
  publisher={Center for Computer Research in Music and Acoustics (CCRMA),   Stanford University}
}

@article{wang1984fast,
  title={Fast algorithms for the discrete W transform and for the discrete Fourier transform},
  author={Wang, Zhongde},
  journal={IEEE Transactions on Acoustics, Speech, and Signal Processing},
  volume={32},
  number={4},
  pages={803--816},
  year={1984},
  publisher={IEEE}
}

@incollection{Nawab:1987:SFT:42739.42745,
 author = {Nawab, S. Hamid and Quatieri, Thomas F.},
 chapter = {Short-time Fourier Transform},
 title = {Advanced Topics in Signal Processing},
 editor = {Lim, Jae S. and Oppenheim, Alan V.},
 year = {1987},
 isbn = {0-13-013129-6},
 pages = {289--337},
 numpages = {49},
 url = {http://dl.acm.org/citation.cfm?id=42739.42745},
 acmid = {42745},
 publisher = {Prentice-Hall, Inc.},
 address = {Upper Saddle River, NJ, USA},
} 

@article{rabiner1969chirp,
  title={The chirp z-transform algorithm},
  author={Rabiner, L and Schafer, RW and Rader, C},
  journal={IEEE transactions on audio and electroacoustics},
  volume={17},
  number={2},
  pages={86--92},
  year={1969},
  publisher={IEEE}
}

% Raw audio

@article{Oord2016WaveNetAG,
  title={Wavenet: A generative model for raw audio},
  author={Oord, Aaron van den and Dieleman, Sander and Zen, Heiga and Simonyan, Karen and Vinyals, Oriol and Graves, Alex and Kalchbrenner, Nal and Senior, Andrew and Kavukcuoglu, Koray},
  journal={arXiv preprint arXiv:1609.03499},
  year={2016}
}

@article{Juvela2019GlotNetARW,
  title={GlotNet A Raw Waveform Model for the Glottal Excitation in Statistical Parametric Speech Synthesis},
  author={Lauri Juvela and Bajibabu Bollepalli and Vassilis Tsiaras and Paavo Alku},
  journal={IEEE/ACM Transactions on Audio, Speech, and Language Processing},
  year={2019},
  volume={27},
  pages={1019-1030}
}

@article{Rushe2019AnomalyDI,
  title={Anomaly Detection in Raw Audio Using Deep Autoregressive Networks},
  author={Ellen Rushe and Brian Mac Namee},
  journal={International Conference on Acoustics, Speech and Signal Processing (ICASSP)},
  year={2019},
  organization={IEEE},
  pages={3597-3601}
}
 
@article{Yoshimura2019SpeakerdependentWD,
  title={Speaker-dependent Wavenet-based Delay-free Adpcm Speech Coding},
  author={Takenori Yoshimura and Kei Hashimoto and Keiichiro Oura and Yoshihiko Nankaku and Keiichi Tokuda},
  journal={International Conference on Acoustics, Speech and Signal Processing (ICASSP)},
  organization={IEEE},
  year={2019},
  pages={7145-7149}
}

@inproceedings{hertel2016comparing,
  title={Comparing time and frequency domain for audio event recognition using deep learning},
  author={Hertel, Lars and Phan, Huy and Mertins, Alfred},
  booktitle={2016 International Joint Conference on Neural Networks ({I}{J}{C}{N}{N})},
  pages={3407--3411},
  year={2016},
  organization={IEEE}
}

% Frequency-domain based model
@inproceedings{choi2019zero,
  author    = {Jeong Choi and
               Jongpil Lee and
               Jiyoung Park and
               Juhan Nam},
  editor    = {Arthur Flexer and
               Geoffroy Peeters and
               Juli{\'{a}}n Urbano and
               Anja Volk},
  title     = {Zero-shot Learning for Audio-based Music Classification and Tagging},
  booktitle = {Proceedings of the 20th International Society for Music Information
               Retrieval Conference, {ISMIR}, Delft, The Netherlands},
  pages     = {67--74},
  year      = {2019},
  biburl    = {https://dblp.org/rec/conf/ismir/ChoiLPN19.bib},
  bibsource = {dblp computer science bibliography, https://dblp.org}
}

@inproceedings{gururani2019attention,
  author    = {Siddharth Gururani and
               Mohit Sharma and
               Alexander Lerch},
  editor    = {Arthur Flexer and
               Geoffroy Peeters and
               Juli{\'{a}}n Urbano and
               Anja Volk},
  title     = {An Attention Mechanism for Musical Instrument Recognition},
  booktitle = {Proceedings of the 20th International Society for Music Information
               Retrieval Conference, {ISMIR}, Delft, The Netherlands},
  pages     = {83--90},
  year      = {2019},
  biburl    = {https://dblp.org/rec/conf/ismir/GururaniSL19.bib},
  bibsource = {dblp computer science bibliography, https://dblp.org}
}

@inproceedings{doras2019cover,
  author    = {Guillaume Doras and
               Geoffroy Peeters},
  editor    = {Arthur Flexer and
               Geoffroy Peeters and
               Juli{\'{a}}n Urbano and
               Anja Volk},
  title     = {Cover Detection Using Dominant Melody Embeddings},
  booktitle = {Proceedings of the 20th International Society for Music Information
               Retrieval Conference, {ISMIR}, Delft, The Netherlands},
  pages     = {107--114},
  year      = {2019},
  biburl    = {https://dblp.org/rec/conf/ismir/DorasP19.bib},
  bibsource = {dblp computer science bibliography, https://dblp.org}
}

@inproceedings{doras2019use,
  title={On the use of u-net for dominant melody estimation in polyphonic music},
  author={Doras, Guillaume and Esling, Philippe and Peeters, Geoffroy},
  booktitle={2019 International Workshop on Multilayer Music Representation and Processing (MMRP)},
  pages={66--70},
  year={2019},
  organization={IEEE}
}

@inproceedings{meseguer2019conditioned,
  author    = {Gabriel Meseguer{-}Brocal and
               Geoffroy Peeters},
  editor    = {Arthur Flexer and
               Geoffroy Peeters and
               Juli{\'{a}}n Urbano and
               Anja Volk},
  title     = {Conditioned-U-Net: Introducing a Control Mechanism in the U-Net for
               Multiple Source Separations},
  booktitle = {Proceedings of the 20th International Society for Music Information
               Retrieval Conference, {ISMIR}, Delft, The Netherlands},
  pages     = {159--165},
  year      = {2019},
  url       = {http://archives.ismir.net/ismir2019/paper/000017.pdf},
  timestamp = {Thu, 12 Mar 2020 11:33:17 +0100},
  biburl    = {https://dblp.org/rec/conf/ismir/Meseguer-Brocal19.bib},
  bibsource = {dblp computer science bibliography, https://dblp.org}
}

@inproceedings{gillickestimating,
  author    = {Jon Gillick and
               Carmine{-}Emanuele Cella and
               David Bamman},
  editor    = {Arthur Flexer and
               Geoffroy Peeters and
               Juli{\'{a}}n Urbano and
               Anja Volk},
  title     = {Estimating Unobserved Audio Features for Target-Based Orchestration},
  booktitle = {Proceedings of the 20th International Society for Music Information
               Retrieval Conference, {ISMIR}, Delft, The Netherlands},
  pages     = {192--199},
  year      = {2019},
  biburl    = {https://dblp.org/rec/conf/ismir/GillickCB19.bib},
  bibsource = {dblp computer science bibliography, https://dblp.org}
}

@inproceedings{wigginsguitar,
  author    = {Andrew Wiggins and
               Youngmoo Kim},
  editor    = {Arthur Flexer and
               Geoffroy Peeters and
               Juli{\'{a}}n Urbano and
               Anja Volk},
  title     = {Guitar Tablature Estimation with a Convolutional Neural Network},
  booktitle = {Proceedings of the 20th International Society for Music Information
               Retrieval Conference, {ISMIR}, Delft, The Netherlands},
  pages     = {284--291},
  year      = {2019},
  biburl    = {https://dblp.org/rec/conf/ismir/WigginsK19.bib},
  bibsource = {dblp computer science bibliography, https://dblp.org}
}

@inproceedings{nidadavolu2019investigation,
  title={Investigation on Neural Bandwidth Extension of Telephone Speech for Improved Speaker Recognition},
  author={Nidadavolu, Phani Sankar and Iglesias, Vicente and Villalba, Jes{\'u}s and Dehak, Najim},
  booktitle={International Conference on Acoustics, Speech and Signal Processing (ICASSP)},
  pages={6111--6115},
  organization={IEEE},
  year={2019},
}

@article{Neumann2019ImprovingSE,
  title={Improving Speech Emotion Recognition with Unsupervised Representation Learning on Unlabeled Speech},
  author={Michael Neumann and Ngoc Thang Vu},
  journal={International Conference on Acoustics, Speech and Signal Processing (ICASSP)},
  year={2019},
  organization={IEEE},
  pages={7390-7394}
}

@article{alAbdullah2019ArtificialNN,
  title={Artificial Neural Network for Arabic Speech Recognition in Humanoid Robotic Systems},
  author={Adel al-Abdullah and A. Al-Ajmi and Abdulrahman Al-Mutairi and Nedal Mousa Al-Mousa and S. Al-Daihani and A. S. Karar and Samer AlKork},
  journal={2019 3rd International Conference on Bio-engineering for Smart Technologies (BioSMART)},
  year={2019},
  pages={1-4}
}

@inproceedings{Kelz2019TowardsIP,
  author    = {Rainer Kelz and
               Gerhard Widmer},
  title     = {Towards Interpretable Polyphonic Transcription with Invertible Neural
               Networks},
  booktitle = {Proceedings of the 20th International Society for Music Information
               Retrieval Conference, {ISMIR}, Delft, The Netherlands},
  pages     = {376--383},
  year      = {2019},
  biburl    = {https://dblp.org/rec/conf/ismir/KelzW19.bib},
  bibsource = {dblp computer science bibliography, https://dblp.org}
}

@inproceedings{kelz2016potential,
  author    = {Rainer Kelz and
               Matthias Dorfer and
               Filip Korzeniowski and
               Sebastian B{\"{o}}ck and
               Andreas Arzt and
               Gerhard Widmer},
  title     = {On the Potential of Simple Framewise Approaches to Piano Transcription},
  booktitle = {Proceedings of the 17th International Society for Music Information
               Retrieval Conference, {ISMIR}, New York City, United States},
  pages     = {475--481},
  year      = {2016},
  biburl    = {https://dblp.org/rec/conf/ismir/KelzDKBAW16.bib},
  bibsource = {dblp computer science bibliography, https://dblp.org}
}

@inproceedings{hantrakulfast,
  author    = {Lamtharn Hantrakul and
               Jesse H. Engel and
               Adam Roberts and
               Chenjie Gu},
  editor    = {Arthur Flexer and
               Geoffroy Peeters and
               Juli{\'{a}}n Urbano and
               Anja Volk},
  title     = {Fast and Flexible Neural Audio Synthesis},
  booktitle = {Proceedings of the 20th International Society for Music Information
               Retrieval Conference, {ISMIR}, Delft, The Netherlands},
  pages     = {524--530},
  year      = {2019},
  biburl    = {https://dblp.org/rec/conf/ismir/HantrakulERGH19.bib},
  bibsource = {dblp computer science bibliography, https://dblp.org}
}


@inproceedings{taenzerinvestigating,
  author    = {Michael Taenzer and
               Jakob Abe{\ss}er and
               Stylianos I. Mimilakis and
               Christof Weiss and
               Meinard M{\"{u}}ller},
  editor    = {Arthur Flexer and
               Geoffroy Peeters and
               Juli{\'{a}}n Urbano and
               Anja Volk},
  title     = {Investigating CNN-based Instrument Family Recognition for Western
               Classical Music Recordings},
  booktitle = {Proceedings of the 20th International Society for Music Information
               Retrieval Conference, {ISMIR}, Delft, The Netherlands},
  pages     = {612--619},
  year      = {2019},
  biburl    = {https://dblp.org/rec/conf/ismir/TaenzerAMWM19.bib},
  bibsource = {dblp computer science bibliography, https://dblp.org}
}

@inproceedings{park2019bi,
  author    = {Jonggwon Park and
               Kyoyun Choi and
               Sungwook Jeon and
               Dokyun Kim and
               Jonghun Park},
  editor    = {Arthur Flexer and
               Geoffroy Peeters and
               Juli{\'{a}}n Urbano and
               Anja Volk},
  title     = {A Bi-Directional Transformer for Musical Chord Recognition},
  booktitle = {Proceedings of the 20th International Society for Music Information
               Retrieval Conference, {ISMIR}, Delft, The Netherlands},
  pages     = {620--627},
  year      = {2019},
  biburl    = {https://dblp.org/rec/conf/ismir/ParkCJKP19.bib},
  bibsource = {dblp computer science bibliography, https://dblp.org}
}

@inproceedings{kim2019adversarial,
  author    = {Jong Wook Kim and
               Juan Pablo Bello},
  editor    = {Arthur Flexer and
               Geoffroy Peeters and
               Juli{\'{a}}n Urbano and
               Anja Volk},
  title     = {Adversarial Learning for Improved Onsets and Frames Music Transcription},
  booktitle = {Proceedings of the 20th International Society for Music Information
               Retrieval Conference, {ISMIR}, Delft, The Netherlands},
  pages     = {670--677},
  year      = {2019},
  biburl    = {https://dblp.org/rec/conf/ismir/KimB19.bib},
  bibsource = {dblp computer science bibliography, https://dblp.org}
}

@inproceedings{leeautomatic,
  author    = {Juheon Lee and
               Seohyun Kim and
               Kyogu Lee},
  editor    = {Arthur Flexer and
               Geoffroy Peeters and
               Juli{\'{a}}n Urbano and
               Anja Volk},
  title     = {Automatic Choreography Generation with Convolutional Encoder-decoder
               Network},
  booktitle = {Proceedings of the 20th International Society for Music Information
               Retrieval Conference, {ISMIR}, Delft, The Netherlands},
  pages     = {894--899},
  year      = {2019},
  biburl    = {https://dblp.org/rec/conf/ismir/LeeKL19.bib},
  bibsource = {dblp computer science bibliography, https://dblp.org}
}

@inproceedings{fuhierarchical,
  author    = {Fu Zih{-}Sing and
               Li Su},
  editor    = {Arthur Flexer and
               Geoffroy Peeters and
               Juli{\'{a}}n Urbano and
               Anja Volk},
  title     = {Hierarchical Classification Networks for Singing Voice Segmentation
               and Transcription},
  booktitle = {Proceedings of the 20th International Society for Music Information
               Retrieval Conference, {ISMIR}, Delft, The Netherlands},
  pages     = {900--907},
  year      = {2019},
  biburl    = {https://dblp.org/rec/conf/ismir/Zih-SingS19.bib},
  bibsource = {dblp computer science bibliography, https://dblp.org}
}

@inproceedings{luo2020singing,
  title={Singing voice conversion with disentangled representations of singer and vocal technique using variational autoencoders},
  author={Luo, Yin-Jyun and Hsu, Chin-Cheng and Agres, Kat and Herremans, Dorien},
  booktitle={International Conference on Acoustics, Speech and Signal Processing (ICASSP)},
  pages={3277--3281},
  year={2020},
  organization={IEEE}
}

@article{lin2020singing,
  title={Singing voice separation using a deep convolutional neural network trained by ideal binary mask and cross entropy},
  author={Lin, Kin Wah Edward and Balamurali, BT and Koh, Enyan and Lui, Simon and Herremans, Dorien},
  journal={Neural Computing and Applications},
  volume={32},
  number={4},
  pages={1037--1050},
  year={2020},
  publisher={Springer}
}

@inproceedings{wang2019adaptive,
  author    = {Changhong Wang and
               Emmanouil Benetos and
               Vincent Lostanlen and
               Elaine Chew},
  editor    = {Arthur Flexer and
               Geoffroy Peeters and
               Juli{\'{a}}n Urbano and
               Anja Volk},
  title     = {Adaptive Time-Frequency Scattering for Periodic Modulation Recognition
               in Music Signals},
  booktitle = {Proceedings of the 20th International Society for Music Information
               Retrieval Conference, {ISMIR}, Delft, The Netherlands},
  pages     = {809--815},
  year      = {2019},
  biburl    = {https://dblp.org/rec/conf/ismir/WangBLC19.bib},
  bibsource = {dblp computer science bibliography, https://dblp.org}
}

@inproceedings{hawthorne2017onsets,
  title     = {Onsets and Frames: Dual-Objective Piano Transcription},
  booktitle = {Proceedings of the 19th International Society for Music Information Retrieval Conference, {ISMIR}, Paris, France},
  pages     = {50--57},
  year      = {2018},
  biburl    = {https://dblp.org/rec/conf/ismir/HawthorneESRSRE18.bib},
  bibsource = {dblp computer science bibliography, https://dblp.org}
}

@inproceedings{thickstun2018invariances,

    title={Invariances and Data Augmentation for Supervised Music Transcription},
    author = {John Thickstun and Zaid Harchaoui and Dean P. Foster and Sham M. Kakade},
    year={2018},
    booktitle = {International Conference on Acoustics, Speech, and Signal Processing (ICASSP)}

} 

Bibtex:

@inproceedings{thickstun2017learning,

    title={Learning Features of Music from Scratch},
    author = {John Thickstun and Zaid Harchaoui and Sham M. Kakade},
    year={2017},
    booktitle = {International Conference on Learning Representations (ICLR)}

} 

@inproceedings{youngberg1978constant,
  title={Constant-{Q} signal analysis and synthesis},
  author={Youngberg, James and Boll, Steven},
  booktitle={International Conference on Acoustics, Speech, and Signal Processing (ICASSP)},
  volume={3},
  pages={375--378},
  year={1978},
  organization={IEEE}
}

@article{rajput2012implementation,
  title={Implementation of fir filter using efficient window function and its application in filtering a speech signal},
  author={Rajput, Saurabh Singh and Bhadauria, Dr SS},
  journal={International Journal of Electrical, Electronics and Mechanical Controls},
  volume={1},
  number={1},
  year={2012}
}

@article{wang2017two,
  title={A two-stage approach to note-level transcription of a specific piano},
  author={Wang, Qi and Zhou, Ruohua and Yan, Yonghong},
  journal={Applied Sciences},
  volume={7},
  number={9},
  pages={901},
  year={2017},
  publisher={Multidisciplinary Digital Publishing Institute}
}

@inproceedings{yenigalla2018speech,
  title={Speech Emotion Recognition Using Spectrogram \& Phoneme Embedding.},
  author={Yenigalla, Promod and Kumar, Abhay and Tripathi, Suraj and Singh, Chirag and Kar, Sibsambhu and Vepa, Jithendra},
  booktitle={Interspeech},
  pages={3688--3692},
  year={2018}
}

@article{wyse2017audio,
  title={Audio spectrogram representations for processing with convolutional neural networks},
  author={Wyse, Lonce},
  journal={arXiv preprint arXiv:1706.09559},
  year={2017}
}

@article{lederle2018combining,
  title={Combining high-level features of raw audio waves and mel-spectrograms for audio tagging},
  author={Lederle, Marcel and Wilhelm, Benjamin},
  journal={arXiv preprint arXiv:1811.10708},
  year={2018}
}

@article{sakashita2018acoustic,
  title={Acoustic scene classification by ensemble of spectrograms based on adaptive temporal divisions},
  author={Sakashita, Yuma and Aono, Masaki},
  journal={DCASE2018 Challenge},
  year={2018}
}

@article{weiping2017acoustic,
  title={Acoustic scene classification using deep convolutional neural network and multiple spectrograms fusion},
  author={Weiping, Zheng and Jiantao, Yi and Xiaotao, Xing and Xiangtao, Liu and Shaohu, Peng},
  journal={Detection and Classification of Acoustic Scenes and Events (DCASE)},
  year={2017}
}

@inproceedings{zhang2017empirical,
  title={An Empirical Evaluation of Machine Learning Approaches for Species Identification through Bioacoustics},
  author={Zhang, Liang and Saleh, Ibraheem and Thapaliya, Sashi and Louie, Jonathan and Figueroa-Hernandez, Jose and Ji, Hao},
  booktitle={2017 International Conference on Computational Science and Computational Intelligence (CSCI)},
  pages={489--494},
  year={2017},
  organization={IEEE}
}

@inproceedings{murauer2018detecting,
  title={Detecting Music Genre Using Extreme Gradient Boosting},
  author={Murauer, Benjamin and Specht, G{\"u}nther},
  booktitle={Companion Proceedings of the The Web Conference 2018},
  pages={1923--1927},
  year={2018}
}

@article{dong2018convolutional,
  title={Convolutional neural network achieves human-level accuracy in music genre classification},
  author={Dong, Mingwen},
  journal={arXiv preprint arXiv:1802.09697},
  year={2018}
}

@article{lecun1998gradient,
  title={Gradient-based learning applied to document recognition},
  author={LeCun, Yann and Bottou, L{\'e}on and Bengio, Yoshua and Haffner, Patrick},
  journal={Proceedings of the IEEE},
  volume={86},
  number={11},
  pages={2278--2324},
  year={1998},
  publisher={Ieee}
}

@article{lecun1995convolutional,
  title={Convolutional networks for images, speech, and time series},
  author={LeCun, Yann and Bengio, Yoshua and others},
  journal={The handbook of brain theory and neural networks},
  volume={3361},
  number={10},
  pages={1995},
  year={1995}
}


@article{zhao2019speech,
  title={Speech emotion recognition using deep 1D \& 2D CNN LSTM networks},
  author={Zhao, Jianfeng and Mao, Xia and Chen, Lijiang},
  journal={Biomedical Signal Processing and Control},
  volume={47},
  pages={312--323},
  year={2019},
  publisher={Elsevier}
}

@INPROCEEDINGS{kim2019end,
  author={C. {Kim} and S. {Kim} and K. {Kim} and M. {Kumar} and J. {Kim} and K. {Lee} and C. {Han} and A. {Garg} and E. {Kim} and M. {Shin} and S. {Singh} and L. {Heck} and D. {Gowda}},
  booktitle={IEEE Automatic Speech Recognition and Understanding Workshop (ASRU)}, 
  title={End-to-End Training of a Large Vocabulary End-to-End Speech Recognition System}, 
  year={2019},
  volume={},
  number={},
  pages={562-569},}


@INPROCEEDINGS{tjandra2019speech,
author={A. {Tjandra} and S. {Sakti} and S. {Nakamura}},  booktitle={IEEE Automatic Speech Recognition and Understanding Workshop (ASRU)},   
title={Speech-to-Speech Translation Between Untranscribed Unknown Languages},
year={2019},
volume={},
number={},
pages={593-600},}

@article{Pham2020DeepFE,
  title={Deep Feature Embedding and Hierarchical Classification for Audio Scene Classification},
  author={Lam Dang Pham and Ian Vince McLoughlin and Huy Phan and R. Palaniappan and Alfred Mertins},
  journal={Proceedings of the International Joint Conference on Neural Networks (IJCNN)},
  year={2020}
}

@misc{recchione1996feedforward,
  title={Feedforward neural network system for the detection and characterization of sonar signals with characteristic spectrogram textures},
  author={Recchione, Michael C and Russo, Anthony P},
  year={1996},
  month=mar # "~26",
  publisher={Google Patents},
  note={US Patent 5,502,688}
}


@inproceedings{furui1986speaker,
  title={Speaker-independent isolated word recognition based on emphasized spectral dynamics},
  author={Furui, Sadaoki},
  booktitle={International Conference on Acoustics, Speech, and Signal Processing (ICASSP)},
  volume={11},
  pages={1991--1994},
  year={1986},
  organization={IEEE}
}

@article{davis1980comparison,
  title={Comparison of parametric representations for monosyllabic word recognition in continuously spoken sentences},
  author={Davis, Steven and Mermelstein, Paul},
  journal={IEEE transactions on acoustics, speech, and signal processing},
  volume={28},
  number={4},
  pages={357--366},
  year={1980},
  publisher={IEEE}
}

@article{kim2019comparison,
  title={Comparison and Analysis of SampleCNN Architectures for Audio Classification},
  author={Kim, Taejun and Lee, Jongpil and Nam, Juhan},
  journal={IEEE Journal of Selected Topics in Signal Processing},
  volume={13},
  number={2},
  pages={285--297},
  year={2019},
  publisher={IEEE}
}

@article{lee2018samplecnn,
  title={Samplecnn: End-to-end deep convolutional neural networks using very small filters for music classification},
  author={Lee, Jongpil and Park, Jiyoung and Kim, Keunhyoung Luke and Nam, Juhan},
  journal={Applied Sciences},
  volume={8},
  number={1},
  pages={150},
  year={2018},
  publisher={Multidisciplinary Digital Publishing Institute}
}

@inproceedings{shahriyar2019speech,
  title={Speech Enhancement Using Convolutional Denoising Autoencoder},
  author={Shahriyar, Shaikh Akib and Akhand, MAH and Siddique, N and Shimamura, T},
  booktitle={International Conference on Electrical, Computer and Communication Engineering (ECCE)},
  pages={1--5},
  year={2019},
  organization={IEEE}
}

@article{Purwins2019DeepLF,
  title={Deep Learning for Audio Signal Processing},
  author={Hendrik Purwins and Bo Li and Tuomas Virtanen and Jan Schlx00FCter and Shuo-Yiin Chang and Tara Sainath},
  journal={IEEE Journal of Selected Topics in Signal Processing},
  year={2019},
  volume={13},
  pages={206-219}
}

@inproceedings{Cheuk2020TheIO,
  title={The impact of Audio input representations on neural network based music transcription},
  author={Kin Wai Cheuk and Kat Agres and Dorien Herremans},
  booktitle={Proceedings of the International Joint Conference on Neural Networks (IJCNN)},
  address = {Glasgow, Scotland},
  year={2020}
}

@inproceedings{palakal1989feature,
  title={Feature extraction from speech spectrograms using multi-layered network models},
  author={Palakal, Mathew J and Zoran, Michael J},
  booktitle={International Workshop on Tools for Artificial Intelligence},
  pages={224--230},
  organization={IEEE},
  year={1989},
}

@inproceedings{hatazaki1989phoneme,
  title={Phoneme segmentation using spectrogram reading knowledge},
  author={Hatazaki, Kaichiro and Komori, Yasuhiro and Kawabata, Takeshi and Shikano, Kiyohiro},
  booktitle={International Conference on Acoustics, Speech, and Signal Processing (ICASSP)},
  pages={393--396},
  year={1989},
  organization={IEEE}
}

@article{zolnouri2020importance,
  title={Importance of Data Loading Pipeline in Training Deep Neural Networks},
  author={Zolnouri, Mahdi and Li, Xinlin and Nia, Vahid Partovi},
  journal={arXiv preprint arXiv:2005.02130},
  year={2020}
}

@inproceedings{Gayer2019EffectiveRA,
  title={Effective real-time augmentation of training dataset for the neural networks learning},
  author={Alexander V. Gayer and Yulia S. Chernyshova and Alexander V. Sheshkus},
  booktitle={International Conference on Machine Vision},
  year={2019}
}