@inproceedings{wu2021sustainable,
      title={Sustainable AI: Environmental Implications, Challenges and Opportunities}, 
      author={C. Wu and R. Raghavendra and U. Gupta and B. Acun and N. Ardalani and K. Maeng and G. Chang and F. A. Behram and J. Huang and C. Bai and M. Gschwind and A. Gupta and M. Ott and A. Melnikov and S. Candido and D. Brooks and G. Chauhan and B. Lee and H. S. Lee and B. Akyildiz and M. Balandat and J. Spisak and R. Jain and M. Rabbat and K. Hazelwood},
      year={2021},
      eprint={2111.00364},
      archivePrefix={arXiv},
      primaryClass={cs.LG}
}

@inproceedings{co2e,
    title = "Energy and Policy Considerations for Deep Learning in {NLP}",
    author = "Strubell, Emma  and
      Ganesh, Ananya  and
      McCallum, Andrew",
    booktitle = "Proceedings of the 57th Annual Meeting of the Association for Computational Linguistics",
    month = jul,
    year = "2019",
    address = "Florence, Italy",
}

@inproceedings{mlperf,
    author = {Mattson, P. and Cheng, C. and Diamos, G. and Coleman, C. and Micikevicius, P. and Patterson, D. and Tang, H. and Wei, G. and Bailis, P. and Bittorf, V. and Brooks, D. and Chen, D. and Dutta, D. and Gupta, U. and Hazelwood, K. and Hock, A. and Huang, X. and Kang, D. and Kanter, D. and Kumar, N. and Liao, J. and Narayanan, D. and Oguntebi, T. and Pekhimenko, G. and Pentecost, L. and Janapa, R., Vijay and Robie, T. and St John, T. and Wu, C. and Xu, L. and Young, C. and Zaharia, M.},
    booktitle = {Proceedings of Machine Learning and Systems},
    title = {MLPerf Training Benchmark},
    year = {2020}
}

@INPROCEEDINGS {facebook_emissions,
    author = {U. Gupta and Y. Kim and S. Lee and J. Tse and H. S. Lee and G. Wei and D. Brooks and C. Wu},
    booktitle = {2021 IEEE International Symposium on High-Performance Computer Architecture (HPCA)},
    title = {Chasing Carbon: The Elusive Environmental Footprint of Computing},
    year = {2021},
    volume = {},
    issn = {},
    month = {mar}
}

@misc{green_ai,
    title={Green AI}, 
    author={Roy Schwartz and Jesse Dodge and Noah A. Smith and Oren Etzioni},
    year={2019},
    eprint={1907.10597},
    archivePrefix={arXiv},
    primaryClass={cs.CY}
}

@article{evaluate_sample_quality_1, 
    title={Is the Sample Good Enough? Comparing Data from Twitter’s Streaming API with Twitter’s Firehose}, 
    volume={7}, url={https://ojs.aaai.org/index.php/ICWSM/article/view/14401},
    number={1}, 
    journal={Proceedings of the International AAAI Conference on Web and Social Media}, 
    author={Morstatter, Fred and Pfeffer, Jürgen and Liu, Huan and Carley, Kathleen}, 
    year={2013}, 
    month={Jun.} 
}

@inproceedings{coreset_bilevel_2,
    title	= {Semi-supervised batch active learning via bilevel optimization},
    author	= {Andreas Krause and Marco Tagliasacchi and Zalán Borsos},
    year	= {2021},
    booktitle	= {2021 IEEE International Conference on Acoustics, Speech and Signal Processing}
}

@inproceedings{coreset_bilevel,
    author = {Borsos, Zal\'{a}n and Mutny, Mojmir and Krause, Andreas},
    booktitle = {Advances in Neural Information Processing Systems},
    publisher = {Curran Associates, Inc.},
    title = {Coresets via Bilevel Optimization for Continual Learning and Streaming},
    volume = {33},
    year = {2020}
}

@INPROCEEDINGS{coreset_1,
  author={Kaushal, V. and Iyer, R. and Kothawade, S. and Mahadev, R. and Doctor, K. and Ramakrishnan, G.},
  booktitle={2019 IEEE Winter Conference on Applications of Computer Vision (WACV)}, 
  title={Learning From Less Data: A Unified Data Subset Selection and Active Learning Framework for Computer Vision}, 
  year={2019},
  volume={},
  number={},
}

@inproceedings{castells_sampling,
    author = {Ca\~{n}amares, R. and Castells, P.},
    title = {On Target Item Sampling In Offline Recommender System Evaluation},
    year = {2020},
    booktitle = {14th ACM Conference on Recommender Systems}
}

@inproceedings{slice,
    author = {Jain, H. and Balasubramanian, V. and Chunduri, B. and Varma, M.},
    title = {Slice: Scalable Linear Extreme Classifiers Trained on 100 Million Labels for Related Searches},
    year = {2019},
    booktitle = {Proceedings of the 12th ACM Conference on Web Search and Data Mining}
}

@inproceedings{pinsage, 
    author = {Ying, R. and He, R. and Chen, K. and Eksombatchai, P. and Hamilton, W. L. and Leskovec, J.}, 
    title = {Graph Convolutional Neural Networks for Web-Scale Recommender Systems}, 
    year = {2018}, 
    isbn = {9781450355520}, 
    booktitle = {KDD '18}, 
    % series = {KDD '18} 
}

@misc{google_emissions,
    title={Carbon Emissions and Large Neural Network Training}, 
    author={David Patterson and Joseph Gonzalez and Quoc Le and Chen Liang and Lluis-Miquel Munguia and Daniel Rothchild and David So and Maud Texier and Jeff Dean},
    year={2021},
    eprint={2104.10350},
    archivePrefix={arXiv},
    primaryClass={cs.LG}
}

@inproceedings{propensity_3,
    author = {Schnabel, Tobias and Bennett, Paul N.},
    title = {Debiasing Item-to-Item Recommendations With Small Annotated Datasets},
    year = {2020},
    booktitle = {Fourteenth ACM Conference on Recommender Systems},
    series = {RecSys '20}
}

@inproceedings{mutual_information,
    author = {Nowozin, S. and Cseke, B. and Tomioka, R.},
    booktitle = {NeurIPS},
    title = {f-GAN: Training Generative Neural Samplers using Variational Divergence Minimization},
    year = {2016}
}

@inproceedings{propensity_2,
    author = {Yang, L. and Cui, Y. and Xuan, Y. and Wang, C. and Belongie, S. and Estrin, D.},
    title = {Unbiased Offline Recommender Evaluation for Missing-Not-at-Random Implicit Feedback},
    year = {2018},
    booktitle = {Proceedings of the 12th ACM Conference on Recommender Systems},
    keywords = {propensity, bias, evaluation, recommendation, implicit feedback},
    series = {RecSys '18}
}

@inproceedings{propensity_1,
    author = {Zhu, Ziwei and He, Yun and Zhang, Yin and Caverlee, James},
    title = {Unbiased Implicit Recommendation and Propensity Estimation via Combinational Joint Learning},
    year = {2020},
    booktitle = {Fourteenth ACM Conference on Recommender Systems},
    series = {RecSys '20}
}

@inproceedings{k_centers,
    title={Active Learning for Convolutional Neural Networks: A Core-Set Approach},
    author={Ozan Sener and Silvio Savarese},
    booktitle={ICLR},
    year={2018},
}

@incollection{handbook,
  author = {X, Amatriain and A, Jaimes and N, Oliver and J.M, Pujol},
  year = {2011},
  title = {Data Mining Methods for Recommender Systems},
  publisher = {Springer},
  language = {da},
  booktitle = {Recommender Systems Handbook},
}

@article{fairness,
    title={Prediction-based decisions and fairness: A catalogue of choices, assumptions, and definitions},
    author={Mitchell, Shira and Potash, Eric and Barocas, Solon and D'Amour, Alexander and Lum, Kristian},
    journal={arXiv preprint arXiv:1811.07867},
    year={2018}
}

@techreport{pagerank,
    title={The PageRank citation ranking: Bringing order to the web.},
    author={Page, L. and Brin, S. and Motwani, R. and Winograd, T.},
    year={1999},
    institution={Stanford InfoLab}
}

@inproceedings{sampled_metrics,
    author = {Krichene, Walid and Rendle, Steffen},
    title = {On Sampled Metrics for Item Recommendation},
    booktitle = {Proceedings of the 26th ACM SIGKDD International Conference on Knowledge Discovery \& Data Mining},
    series = {KDD '20},
    year={2020},
}

@inproceedings{sachdeva_kdd20,
	author = {Sachdeva, Noveen and Su, Yi and Joachims, Thorsten},
	title = {Off-Policy Bandits with Deficient Support},
	booktitle = {Proceedings of the 26th ACM SIGKDD International Conference on Knowledge Discovery \& Data Mining},
	series = {KDD '20},
	year={2020},
}

@inproceedings{xgboost,
    author = {Chen, Tianqi and Guestrin, Carlos},
    title = {{XGBoost}: A Scalable Tree Boosting System},
    booktitle = {KDD '16},
    % series = {KDD '16},
    year={2016},
}

@InProceedings{xavier, 
    title = {Understanding the difficulty of training deep feedforward neural networks}, 
    author = {Glorot, Xavier and Bengio, Yoshua}, 
    booktitle = {AISTATS}, 
    year={2010},
}

@inproceedings{sort_pooling,
    title={An End-to-End Deep Learning Architecture for Graph Classification},
    author={Zhang, Muhan and Cui, Zhicheng and Neumann, Marion and Chen, Yixin},
    booktitle={AAAI},
    year={2018}
} 

@inproceedings{infograph,
    title={InfoGraph: Unsupervised and Semi-supervised Graph-Level Representation Learning via Mutual Information Maximization},
    author={Fan-Yun Sun and Jordan Hoffman and Vikas Verma and Jian Tang},
    booktitle={ICLR},
    year={2020},
}

@inproceedings{original_gcn,
  title={Semi-Supervised Classification with Graph Convolutional Networks},
  author={Kipf, Thomas N. and Welling, Max},
  booktitle={ICLR},
  year={2017}
}

@inproceedings{hop_plot,
    author = {Palmer, Christopher R. and Gibbons, Phillip B. and Faloutsos, Christos},
    title = {ANF: A Fast and Scalable Tool for Data Mining in Massive Graphs},
    booktitle = {Proceedings of the 8th SIGKDD Conference on Knowledge Discovery and Data Mining},
    series = {KDD '02},
    year={2002},
}

@inproceedings{sampling_cf_nn,
    author = {Chen, Ting and Sun, Yizhou and Shi, Yue and Hong, Liangjie},
    title = {On Sampling Strategies for Neural Network-Based Collaborative Filtering},
    booktitle = {Proceedings of the 23rd ACM SIGKDD Conference on Knowledge Discovery and Data Mining},
    series = {KDD '17},
    year={2017},
}

@misc{scaling_up,
    title={Scaling Up Collaborative Filtering Data Sets through Randomized Fractal Expansions}, 
    author={Francois Belletti and Karthik Lakshmanan and Walid Krichene and Nicolas Mayoraz and Yi-Fan Chen and John Anderson and Taylor Robie and Tayo Oguntebi and Dan Shirron and Amit Bleiwess},
    year={2019},
    eprint={1905.09874},
    archivePrefix={arXiv},
    primaryClass={cs.LG}
}

@incollection{pytorch,
    title = {PyTorch: An Imperative Style, High-Performance Deep Learning Library},
    author = {Paszke, A. and Gross, S. and Massa, F. and Lerer, A. and Bradbury, J. and Chanan, G. and Killeen, T. and Lin, Z. and Gimelshein, N. and Antiga, L. and Desmaison, A. and Kopf, A. and Yang, E. and DeVito, Z. and Raison, M. and Tejani, A. and Chilamkurthy, S. and Steiner, B. and Fang, L. and Bai, J. and Chintala, S.},
    booktitle = {NeurIPS},
    year = {2019},
}

@inproceedings{train_test_splitting,
    author = {Meng, Zaiqiao and McCreadie, Richard and Macdonald, Craig and Ounis, Iadh},
    title = {Exploring Data Splitting Strategies for the Evaluation of Recommendation Models},
    booktitle = {Fourteenth ACM Conference on Recommender Systems},
    series = {RecSys '20},
    year={2020},
}

@article{movielens,
  title={The movielens datasets: History and context},
  author={Harper, F Maxwell and Konstan, Joseph A},
  journal={Acm transactions on interactive intelligent systems (tiis)},
  year={2015},
}

@inproceedings{amz_data,
    title = "Justifying Recommendations using Distantly-Labeled Reviews and Fine-Grained Aspects",
    author = "Ni, Jianmo  and Li, Jiacheng  and McAuley, Julian",
    booktitle = "Proceedings of the 2019 Conference on Empirical Methods in Natural Language Processing and the 9th International Joint Conference on Natural Language Processing (EMNLP-IJCNLP)",
    year={2019},
}

@InProceedings{rec_as_treatments, 
    title = {Recommendations as Treatments: Debiasing Learning and Evaluation}, 
    author = {Schnabel, T. and Swaminathan, A. and Singh, A. and Chandak, N. and Joachims, T.},
    booktitle = {Proceedings of The 33rd International Conference on Machine Learning}, 
    year = {2016}, 
}

@inproceedings{bpr,
    author = {Rendle, Steffen and Freudenthaler, Christoph and Gantner, Zeno and Schmidt-Thieme, Lars},
    title = {BPR: Bayesian Personalized Ranking from Implicit Feedback},
    booktitle = {Proceedings of the Twenty-Fifth Conference on Uncertainty in Artificial Intelligence},
    series = {UAI '09},
    year={2009},
}

@InProceedings{decaf,
    author = "Mittal, A. and Dahiya, K. and Agrawal, S. and Saini, D. and Agarwal, S. and Kar, P. and Varma, M.",
    title = "DECAF: Deep Extreme Classification with Label Features",
    booktitle = "Proceedings of the ACM International Conference on Web Search and Data Mining",
    year = "2021",
}

@InProceedings{eclare,
	author       = "Mittal, A. and Sachdeva, N. and Agrawal, S. and Agarwal, S. and Kar, P. and Varma, M.",
	title        = "ECLARE: Extreme classification with label graph correlations",
	booktitle    = "Proceedings of The ACM International World Wide Web Conference",
	year = "2021",
}

@InProceedings{parabel,
  author    = "Prabhu, Y. and Kag, A. and Harsola, S. and Agrawal, R. and Varma, M.",
  title     = "Parabel: Partitioned label trees for extreme classification with application to dynamic search advertising",
  booktitle = "Proceedings of the International World Wide Web Conference",
  year      = "2018",
}

@InProceedings{pfastre,
  author    = "Jain, H. and Prabhu, Y. and Varma, M.",
  title     = "Extreme Multi-label Loss Functions for Recommendation, Tagging, Ranking and Other Missing Label Applications",
  booktitle = "Proceedings of the SIGKDD Conference on Knowledge Discovery and Data Mining",
  year      = "2016",
}

@inproceedings{forgetting_events,
    title={An Empirical Study of Example Forgetting during Deep Neural Network Learning},
    author={M. Toneva and A. Sordoni and R. Combes and A. Trischler and Y. Bengio and G. Gordon},
    booktitle={ICLR},
    year={2019},
}

@inproceedings{image_net, 
  title={Imagenet: A large-scale hierarchical image database}, 
  author={Deng, Jia and Dong, Wei and Socher, Richard and Li, Li-Jia and Li, Kai and Fei-Fei, Li}, 
  booktitle={2009 IEEE conference on computer vision and pattern recognition}, 
  year={2009},
}

@TECHREPORT{cifar,
    author = {Alex Krizhevsky},
    title = {Learning multiple layers of features from tiny images},
    institution = {},
    year = {2009}
}

@inproceedings{svp,
    title={Selection via Proxy: Efficient Data Selection for Deep Learning},
    author={Cody Coleman and Christopher Yeh and Stephen Mussmann and Baharan Mirzasoleiman and Peter Bailis and Percy Liang and Jure Leskovec and Matei Zaharia},
    booktitle={ICLR},
    year={2020},
}

@inproceedings{forest_fire,
    author = {Leskovec, J. and Kleinberg, J. and Faloutsos, C.},
    title = {Graphs over Time: Densification Laws, Shrinking Diameters and Possible Explanations},
    year = {2005},
    booktitle = {Proceedings of the 11th ACM SIGKDD Conference on Knowledge Discovery in Data Mining},
    series = {KDD '05}
}

@inproceedings{large_graphs,
    author = {Leskovec, Jure and Faloutsos, Christos},
    title = {Sampling from Large Graphs},
    year = {2006},
    booktitle = {KDD '06},
    % series = {KDD '06}
}

@inproceedings{sigir20,
	author = {Sachdeva, Noveen and McAuley, Julian},
	title = {How Useful Are Reviews for Recommendation? A Critical Review and Potential Improvements},
	year = {2020},
	booktitle = {Proceedings of the 43rd International ACM SIGIR Conference on Research and Development in Information Retrieval},
	series = {SIGIR '20}
}

@inproceedings{self_attention,
    author = {Vaswani, A. and Shazeer, N. and Parmar, N. and Uszkoreit, J. and Jones, L. and Gomez, A. and Kaiser, \L. and Polosukhin, I.},
    booktitle = {NeurIPS},
    pages = {},
    title = {Attention is All you Need},
    year = {2017}
}

@INPROCEEDINGS{sasrec,  
    author={W. {Kang} and J. {McAuley}},  
    booktitle={2018 IEEE International Conference on Data Mining},   
    title={Self-Attentive Sequential Recommendation},   
    year={2018},  
    volume={},  
    number={},  
}

@misc{gru,
      title={Empirical Evaluation of Gated Recurrent Neural Networks on Sequence Modeling}, 
      author={Junyoung Chung and Caglar Gulcehre and KyungHyun Cho and Yoshua Bengio},
      year={2014},
      eprint={1412.3555},
      archivePrefix={arXiv},
      primaryClass={cs.NE}
}

@InProceedings{svae,
	author = {Sachdeva, Noveen and Manco, Giuseppe and Ritacco, Ettore and Pudi, Vikram},
	title = {Sequential Variational Autoencoders for Collaborative Filtering},
	year = {2019},
	booktitle = {Proceedings of the ACM International Conference on Web Search and Data Mining},
	series = {WSDM '19}
}

@inproceedings{vae,
  added-at = {2020-10-15T14:36:56.000+0200},
  author = {Kingma, Diederik P. and Welling, Max},
  booktitle = {2nd International Conference on Learning Representations, {ICLR} 2014},
  eprint = {http://arxiv.org/abs/1312.6114v10},
  eprintclass = {stat.ML},
  eprinttype = {arXiv},
  keywords = {cs.LG stat.ML vae},
  title = {{Auto-Encoding Variational Bayes}},
  year = 2014
}

@inproceedings{mvae,
    author = {Liang, Dawen and Krishnan, Rahul G. and Hoffman, Matthew D. and Jebara, Tony},
    title = {Variational Autoencoders for Collaborative Filtering},
    year = {2018},
    booktitle = {Proceedings of the 2018 World Wide Web Conference},
    series = {WWW '18}
}

@inproceedings{glove,
    title = "{G}love: Global Vectors for Word Representation",
    author = "Pennington, Jeffrey  and
      Socher, Richard  and
      Manning, Christopher",
    booktitle = "EMNLP",
    year = "2014",
    address = "",
    publisher = "",
}

@inproceedings{mengting_goodreads,
    author = {Wan, M. and McAuley, J.},
    title = {Item Recommendation on Monotonic Behavior Chains},
    year = {2018},
    booktitle = {Proceedings of the 12th ACM Conference on Recommender Systems}
}

@inproceedings{beer_dataset,
    author = {McAuley, Julian and Leskovec, Jure and Jurafsky, Dan},
    title = {Learning Attitudes and Attributes from Multi-Aspect Reviews},
    year = {2012},
    booktitle = {ICDM '12},
    % series = {ICDM '12}
}

@inproceedings{making_progress,
    author = {Dacrema, M. and Cremonesi, P. and Jannach, D.},
    title = {Are We Really Making Much Progress? A Worrying Analysis of Recent Neural Recommendation Approaches},
    year = {2019},
    booktitle = {Proceedings of the 13th ACM Conference on Recommender Systems},
    series = {RecSys '19}
}

@inproceedings{lm_discriminator,
 author = {Yang, Zichao and Hu, Zhiting and Dyer, Chris and Xing, Eric P. and Berg-Kirkpatrick, Taylor},
 title = {Unsupervised Text Style Transfer Using Language Models As Discriminators},
 booktitle = {NeurIPS},
 series = {},
 year = {2018},
 location = {},
 pages = {},
 numpages = {},
 acmid = {},
 publisher = {},
 address = {},
} 

@inproceedings{neural_mf,
    author = {He, Xiangnan and Liao, Lizi and Zhang, Hanwang and Nie, Liqiang and Hu, Xia and Chua, Tat-Seng},
    title = {Neural Collaborative Filtering},
    year = {2017},
    booktitle = {Proceedings of the 26th International Conference on World Wide Web},
    series = {WWW '17}
}

@inproceedings{deepconn,
 author = {Zheng, Lei and Noroozi, Vahid and Yu, Philip S.},
 title = {Joint Deep Modeling of Users and Items Using Reviews for Recommendation},
 booktitle = {ACM WSDM},
 series = {},
 year = {2017},
 isbn = {},
 location = {},
 pages = {},
 numpages = {},
 acmid = {},
 publisher = {},
 address = {},
} 

@inproceedings{narre,
 author = {Chen, Chong and Zhang, Min and Liu, Yiqun and Ma, Shaoping},
 title = {Neural Attentional Rating Regression with Review-level Explanations},
 booktitle = {WWW},
 series = {},
 year = {2018},
 isbn = {},
 location = {},
 pages = {},
 numpages = {},
 publisher = {},
 address = {},
 keywords = {explainable recommendation, neural attention network, recommender systems, review usefulness},
} 

@article{mf,
 author = {Koren, Yehuda and Bell, Robert and Volinsky, Chris},
 title = {Matrix Factorization Techniques for Recommender Systems},
 journal = {Computer},
 issue_date = {August 2009},
 volume = {42},
 number = {8},
 year = {2009},
 issn = {},
 pages = {},
 numpages = {},
} 

@inproceedings{hft,
 author = {McAuley, Julian and Leskovec, Jure},
 title = {Hidden Factors and Hidden Topics: Understanding Rating Dimensions with Review Text},
 booktitle = {ACM RecSys},
 series = {},
 year = {2013},
 isbn = {},
 location = {},
 pages = {},
 numpages = {},
 acmid = {},
 publisher = {},
 address = {},
} 

@inproceedings{textcnn,
    title = "Conv. Neural Networks for Sentence Classification",
    author = "Kim, Yoon",
    booktitle = "EMNLP",
    year = "2014",
    address = "",
    publisher = "",
    pages = "",
}

@inproceedings{dataset_paper,
 author = {He, Ruining and McAuley, Julian},
 title = {Ups and Downs: Modeling the Visual Evolution of Fashion Trends with One-Class Collaborative Filtering},
 booktitle = {WWW},
 series = {},
 year = {2016},
 isbn = {},
 location = {},
 pages = {},
 numpages = {},
}

@article{lda,
 author = {Blei, David M. and Ng, Andrew Y. and Jordan, Michael I.},
 title = {Latent Dirichlet Allocation},
 journal = {Journal of Machine Learning Research},
 issue_date = {},
 volume = {},
 year = {2003},
} 

@inproceedings{transnet,
 author = {Catherine, Rose and Cohen, William},
 title = {TransNets: Learning to Transform for Recommendation},
 booktitle = {ACM RecSys},
 series = {},
 year = {2017},
 isbn = {},
 location = {},
 pages = {},
 numpages = {},
}


@misc{
  transnet_review_gen,
  title={TransNets for Review Generation},
  author={Rose Catherine and William Cohen},
  year={2018},
  url={https://openreview.net/forum?id=rJKaKjC8f}
}

@inproceedings{cf_gcn,
    title = "Estimating Reactions and Recommending Products with Generative Models of Reviews",
    author = "Ni, Jianmo  and
      Lipton, Zachary C.  and
      Vikram, Sharad  and
      McAuley, Julian",
    booktitle = "Proceedings of the Eighth International Joint Conference on Natural Language Processing",
    year = "2017",
}

@inproceedings{mpcn,
 author = {Tay, Yi and Luu, Anh Tuan and Hui, Siu Cheung},
 title = {Multi-Pointer Co-Attention Networks for Recommendation},
 booktitle = {ACM SIGKDD},
 series = {},
 year = {2018},
 isbn = {},
 location = {},
 pages = {},
 numpages = {},
}
