
% Journals

% First the Full Name is given, then the abbreviation used in the AMS Math
% Reviews, with an indication if it could not be found there.
% Note the 2nd overwrites the 1st, so swap them if you want the full name.

 %{AMS}
 @String{AMSTrans = "American Mathematical Society Translations" }
 @String{AMSTrans = "Amer. Math. Soc. Transl." }
 @String{BullAMS = "Bulletin of the American Mathematical Society" }
 @String{BullAMS = "Bull. Amer. Math. Soc." }
 @String{ProcAMS = "Proceedings of the American Mathematical Society" }
 @String{ProcAMS = "Proc. Amer. Math. Soc." }
 @String{TransAMS = "Transactions of the American Mathematical Society" }
 @String{TransAMS = "Trans. Amer. Math. Soc." }

 %ACM
 @String{CACM = "Communications of the {ACM}" }
 @String{CACM = "Commun. {ACM}" }
 @String{CompServ = "Comput. Surveys" }
 @String{JACM = "J. ACM" }
 @String{ACMMathSoft = "{ACM} Transactions on Mathematical Software" }
 @String{ACMMathSoft = "{ACM} Trans. Math. Software" }
 @String{SIGNUM = "{ACM} {SIGNUM} Newsletter" }
 @String{SIGNUM = "{ACM} {SIGNUM} Newslett." }

 @String{AmerSocio = "American Journal of Sociology" }
 @String{AmerStatAssoc = "Journal of the American Statistical Association" }
 @String{AmerStatAssoc = "J. Amer. Statist. Assoc." }
 @String{ApplMathComp = "Applied Mathematics and Computation" }
 @String{ApplMathComp = "Appl. Math. Comput." }
 @String{AmerMathMonthly = "American Mathematical Monthly" }
 @String{AmerMathMonthly = "Amer. Math. Monthly" }
 @String{BIT = "{BIT}" }
 @String{BritStatPsych = "British Journal of Mathematical and Statistical
          Psychology" }
 @String{BritStatPsych = "Brit. J. Math. Statist. Psych." }
 @String{CanMathBull = "Canadian Mathematical Bulletin" }
 @String{CanMathBull = "Canad. Math. Bull." }
 @String{CompApplMath = "Journal of Computational and Applied Mathematics" }
 @String{CompApplMath = "J. Comput. Appl. Math." }
 @String{CompPhys = "Journal of Computational Physics" }
 @String{CompPhys = "J. Comput. Phys." }
 @String{CompStruct = "Computers and Structures" }
 @String{CompStruct = "Comput. \& Structures" }
 @String{CompJour = "The Computer Journal" }
 @String{CompJour = "Comput. J." }
 @String{CompSysSci = "Journal of Computer and System Sciences" }
 @String{CompSysSci = "J. Comput. System Sci." }
 @String{Computing = "Computing" }
 @String{ContempMath = "Contemporary Mathematics" }
 @String{ContempMath = "Contemp. Math." }
 @String{Crelle = "Crelle's Journal" }
 @String{GiornaleMath = "Giornale di Mathematiche" }
 @String{GiornaleMath = "Giorn. Mat." } % didn't find in AMS MR., ibid.

 %IEEE
 @String{Computer = "{IEEE} Computer" }
 @String{IEEETransComp = "{IEEE} Transactions on Computers" }
 @String{IEEETransComp = "{IEEE} Trans. Comput." }
 @String{IEEETransAC = "{IEEE} Transactions on Automatic Control" }
 @String{IEEETransAC = "{IEEE} Trans. Automat. Control" }
 @String{IEEESpec = "{IEEE} Spectrum" } % didn't find in AMS MR
 @String{ProcIEEE = "Proceedings of the {IEEE}" }
 @String{ProcIEEE = "Proc. {IEEE}" } % didn't find in AMS MR
 @String{IEEETransAeroElec = "{IEEE} Transactions on Aerospace and Electronic
     Systems" }
 @String{IEEETransAeroElec = "{IEEE} Trans. Aerospace Electron. Systems" }

 @String{IMANumerAna = "{IMA} Journal of Numerical Analysis" }
 @String{IMANumerAna = "{IMA} J. Numer. Anal." }
 @String{InfProcLet = "Information Processing Letters" }
 @String{InfProcLet = "Inform. Process. Lett." }
 @String{InstMathApp = "Journal of the Institute of Mathematics and
     its Applications" }
 @String{InstMathApp = "J. Inst. Math. Appl." }
 @String{IntControl = "International Journal of Control" }
 @String{IntControl = "Internat. J. Control" }
 @String{IntNumerEng = "International Journal for Numerical Methods in
     Engineering" }
 @String{IntNumerEng = "Internat. J. Numer. Methods Engrg." }
 @String{IntSuper = "International Journal of Supercomputing Applications" }
 @String{IntSuper = "Internat. J. Supercomputing Applic." } % didn't find
%% in AMS MR
 @String{Kibernetika = "Kibernetika" }
 @String{JResNatBurStand = "Journal of Research of the National Bureau
     of Standards" }
 @String{JResNatBurStand = "J. Res. Nat. Bur. Standards" }
 @String{LinAlgApp = "Linear Algebra and its Applications" }
 @String{LinAlgApp = "Linear Algebra Appl." }
 @String{MathAnaAppl = "Journal of Mathematical Analysis and Applications" }
 @String{MathAnaAppl = "J. Math. Anal. Appl." }
 @String{MathAnnalen = "Mathematische Annalen" }
 @String{MathAnnalen = "Math. Ann." }
 @String{MathPhys = "Journal of Mathematical Physics" }
 @String{MathPhys = "J. Math. Phys." }
 @String{MathComp = "Mathematics of Computation" }
 @String{MathComp = "Math. Comp." }
 @String{MathScand = "Mathematica Scandinavica" }
 @String{MathScand = "Math. Scand." }
 @String{TablesAidsComp = "Mathematical Tables and Other Aids to Computation" }
 @String{TablesAidsComp = "Math. Tables Aids Comput." }
 @String{NumerMath = "Numerische Mathematik" }
 @String{NumerMath = "Numer. Math." }
 @String{PacificMath = "Pacific Journal of Mathematics" }
 @String{PacificMath = "Pacific J. Math." }
 @String{ParDistComp = "Journal of Parallel and Distributed Computing" }
 @String{ParDistComp = "J. Parallel and Distrib. Comput." } % didn't find
%% in AMS MR
 @String{ParComputing = "Parallel Computing" }
 @String{ParComputing = "Parallel Comput." }
 @String{PhilMag = "Philosophical Magazine" }
 @String{PhilMag = "Philos. Mag." }
 @String{ProcNAS = "Proceedings of the National Academy of Sciences
                    of the USA" }
 @String{ProcNAS = "Proc. Nat. Acad. Sci. U. S. A." }
 @String{Psychometrika = "Psychometrika" }
 @String{QuartMath = "Quarterly Journal of Mathematics, Oxford, Series (2)" }
 @String{QuartMath = "Quart. J. Math. Oxford Ser. (2)" }
 @String{QuartApplMath = "Quarterly of Applied Mathematics" }
 @String{QuartApplMath = "Quart. Appl. Math." }
 @String{RevueInstStat = "Review of the International Statisical Institute" }
 @String{RevueInstStat = "Rev. Inst. Internat. Statist." }

 %SIAM
 @String{JSIAM = "Journal of the Society for Industrial and Applied
     Mathematics" }
 @String{JSIAM = "J. Soc. Indust. Appl. Math." }
 @String{JSIAMB = "Journal of the Society for Industrial and Applied
     Mathematics, Series B, Numerical Analysis" }
 @String{JSIAMB = "J. Soc. Indust. Appl. Math. Ser. B Numer. Anal." }
 @String{SIAMAlgMeth = "{SIAM} Journal on Algebraic and Discrete Methods" }
 @String{SIAMAlgMeth = "{SIAM} J. Algebraic Discrete Methods" }
 @String{SIAMAppMath = "{SIAM} Journal on Applied Mathematics" }
 @String{SIAMAppMath = "{SIAM} J. Appl. Math." }
 @String{SIAMComp = "{SIAM} Journal on Computing" }
 @String{SIAMComp = "{SIAM} J. Comput." }
 @String{SIAMMatrix = "{SIAM} Journal on Matrix Analysis and Applications" }
 @String{SIAMMatrix = "{SIAM} J. Matrix Anal. Appl." }
 @String{SIAMNumAnal = "{SIAM} Journal on Numerical Analysis" }
 @String{SIAMNumAnal = "{SIAM} J. Numer. Anal." }
 @String{SIAMReview = "{SIAM} Review" }
 @String{SIAMReview = "{SIAM} Rev." }
 @String{SIAMSciStat = "{SIAM} Journal on Scientific and Statistical
     Computing" }
 @String{SIAMSciStat = "{SIAM} J. Sci. Statist. Comput." }

 @String{SoftPracExp = "Software Practice and Experience" }
 @String{SoftPracExp = "Software Prac. Experience" } % didn't find in AMS MR
 @String{StatScience = "Statistical Science" }
 @String{StatScience = "Statist. Sci." }
 @String{Techno = "Technometrics" }
 @String{USSRCompMathPhys = "{USSR} Computational Mathematics and Mathematical
     Physics" }
 @String{USSRCompMathPhys = "{U. S. S. R.} Comput. Math. and Math. Phys." }
 @String{VLSICompSys = "Journal of {VLSI} and Computer Systems" }
 @String{VLSICompSys = "J. {VLSI} Comput. Syst." }
 @String{ZAngewMathMech = "Zeitschrift fur Angewandte Mathematik und
     Mechanik" }
 @String{ZAngewMathMech = "Z. Angew. Math. Mech." }
 @String{ZAngewMathPhys = "Zeitschrift fur Angewandte Mathematik und Physik" }
 @String{ZAngewMathPhys = "Z. Angew. Math. Phys." }

% Publishers % ================================================= |

 @String{Academic = "Academic Press" }
 @String{ACMPress = "{ACM} Press" }
 @String{AdamHilger = "Adam Hilger" }
 @String{AddisonWesley = "Addison-Wesley" }
 @String{AllynBacon = "Allyn and Bacon" }
 @String{AMS = "American Mathematical Society" }
 @String{Birkhauser = "Birkha{\"u}ser" }
 @String{CambridgePress = "Cambridge University Press" }
 @String{Chelsea = "Chelsea" }
 @String{ClaredonPress = "Claredon Press" }
 @String{DoverPub = "Dover Publications" }
 @String{Eyolles = "Eyolles" }
 @String{HoltRinehartWinston = "Holt, Rinehart and Winston" }
 @String{Interscience = "Interscience" }
 @String{JohnsHopkinsPress = "The Johns Hopkins University Press" }
 @String{JohnWileySons = "John Wiley and Sons" }
 @String{Macmillan = "Macmillan" }
 @String{MathWorks = "The Math Works Inc." }
 @String{McGrawHill = "McGraw-Hill" }
 @String{NatBurStd = "National Bureau of Standards" }
 @String{NorthHolland = "North-Holland" }
 @String{OxfordPress = "Oxford University Press" }  %address Oxford or London?
 @String{PergamonPress = "Pergamon Press" }
 @String{PlenumPress = "Plenum Press" }
 @String{PrenticeHall = "Prentice-Hall" }
 @String{SIAMPub = "{SIAM} Publications" }
 @String{Springer = "Springer-Verlag" }
 @String{TexasPress = "University of Texas Press" }
 @String{VanNostrand = "Van Nostrand" }
 @String{WHFreeman = "W. H. Freeman and Co." }
 
 
 %%%%%%%%%%%%%%%%%%%%%%%%%%%%%%%%%%%%%%%%%%%%%%%%%%%%%%%
% Template Entries %%%%%%%%%%%%%%%%%%%%%%%%%%%%%%%%%%%%%
 %%%%%%%%%%%%%%%%%%%%%%%%%%%%%%%%%%%%%%%%%%%%%%%%%%%%%%%
@Article{Abril07,
  author        = "Patricia S. Abril and Robert Plant",
  title         = "The patent holder's dilemma: Buy, sell, or troll?",
  journal       = "Communications of the ACM",
  volume        = "50",
  number        = "1",
  month         = jan,
  year          = "2007",
  pages         = "36--44",
  doi           = "10.1145/1188913.1188915",
  url           = "http://doi.acm.org/10.1145/1219092.1219093",
  note          = "",
}

@periodical{JCohen96,
  key =          "Cohen",
  editor =       "Jacques Cohen",
  title =        "Special issue: Digital Libraries",
  journal =      CACM,
  volume =       "39",
  number =       "11",
  month =        nov,
  year =         "1996",
}

@Book{Harel79,
  author =       "David Harel",
  year =         "1979",
  title =        "First-Order Dynamic Logic",
  series =       "Lecture Notes in Computer Science",
  volume =       "68",
  address =      "New York, NY",
  publisher =    "Springer-Verlag",
  doi =          "10.1007/3-540-09237-4",
  url =          "http://dx.doi.org/10.1007/3-540-09237-4",
  editor =       "",
  number =       "",
  month =        "",
  note =         "",
}

@Inbook{Editor00,
  author =       "",
  editor =       "Ian Editor",
  title =        "The title of book one",
  subtitle =     "The book subtitle",
  series =       "The name of the series one",
  year =         "2007",
  volume =       "9",
  address =      "Chicago",
  edition =      "1st.",
  publisher =    "University of Chicago Press",
  doi =          "10.1007/3-540-09237-4",
  url =          "http://dx.doi.org/10.1007/3-540-09456-9",
  chapter =      "",
  pages =        "",
  number =       "",
  type =         "",
  month =        "",
  note =         "",
}

% incollection (has an editor, title, and possibly a booktitle)
@Incollection{Douglass98,
  author =       "Bruce P. Douglass and David Harel and Mark B. Trakhtenbrot",
  title =        "Statecarts in use: structured analysis and object-orientation",
  series =       "Lecture Notes in Computer Science",
  booktitle =    "Lectures on Embedded Systems",
  publisher =    "Springer-Verlag",
  address =      "London",
  volume =       "1494",
  year =         "1998",
  chapter =      "",
  editor =       "Grzegorz Rozenberg and Frits W. Vaandrager",
  pages =        "368--394",
  doi =          "10.1007/3-540-65193-4_29",
  url =          "http://dx.doi.org/10.1007/3-540-65193-4_29",
  edition =      "",
  number =       "",
  type =         "",
  month =        "",
  note =         "",
}

@Inproceedings{Smith10,
  author =       "Stan W. Smith",
  title =        "An experiment in bibliographic mark-up: Parsing metadata for XML export",
  booktitle =    "Proceedings of the 3rd. annual workshop on Librarians and Computers",
  series =       "LAC '10",
  editor =       "Reginald N. Smythe and Alexander Noble",
  volume =       "3",
  year =         "2010",
  publisher =    "Paparazzi Press",
  address =      "Milan Italy",
  pages =        "422--431",
  doi =          "99.9999/woot07-S422",
  url =          "http://dx.doi.org/99.0000/woot07-S422",
  number =       "",
  month =        "",
  organization = "",
  note =         "",
}

@Techreport{Harel78,
  author =       "David Harel",
  year =         "1978",
  title =        "LOGICS of Programs: AXIOMATICS and DESCRIPTIVE POWER",
  institution =  "Massachusetts Institute of Technology",
  type =         "MIT Research Lab Technical Report",
  number =       "TR-200",
  address =      "Cambridge, MA",
  month =        "",
  note =         "",
}

@MASTERSTHESIS{anisi03,
author = {David A. Anisi},
title = {Optimal Motion Control of a Ground Vehicle},
school = {Royal Institute of Technology (KTH), Stockholm, Sweden},
intitution = {FOI-R-0961-SE, Swedish Defence Research Agency (FOI)},
year = {2003},
}

@Phdthesis{Clarkson85,
  author =       "Kenneth L. Clarkson",
  year =         "1985",
  title =        "Algorithms for Closest-Point Problems (Computational Geometry)",
  school =       "Stanford University",
  address =      "Palo Alto, CA",
  note =         "UMI Order Number: AAT 8506171",
  type =         "",
  month =        "",
}

@online{Thornburg01,
  author =       "Harry Thornburg",
  year =         "2001",
  title =        "Introduction to Bayesian Statistics",
  url =          "http://ccrma.stanford.edu/~jos/bayes/bayes.html",
  month =        mar,
  lastaccessed = "March 2, 2005",
}

@misc{Obama08,
  author        = "Barack Obama",
  year          = "2008",
  title         = "A more perfect union",
  howpublished  = "Video",
  day           = "5",
  url           = "http://video.google.com/videoplay?docid=6528042696351994555",
  month         = mar,
  lastaccessed  = "March 21, 2008",
  note          =  "",
}


%%%%%%%%%%%%%%%%%%%%%%%%%%%%%%%%%%%%%%%%%%%%%%%%%%%%%%%
% Main Entries %%%%%%%%%%%%%%%%%%%%%%%%%%%%%%%%%%%%%%%%
%%%%%%%%%%%%%%%%%%%%%%%%%%%%%%%%%%%%%%%%%%%%%%%%%%%%%%%

 
@Inproceedings{1_Chandrasekharan,
  author =       "Eshwar Chandrasekharan and Mattia Samory and Anirudh Srinivasan and Eric Gilbert",
  title =        "The Bag of Communities: Identifying Abusive Behavior Online with Preexisting Internet Data",
  booktitle =    "Proceedings of the 2017 CHI Conference on Human Factors in Computing Systems",
  year =         "2017",
  publisher =    "ACM",
  address =      "Denver, CO, USA",
  pages =        "3175--3187",
  doi =          "10.1145/3025453.3026018",
  url =          "http://eegilbert.org/papers/chi2017-chandrasekharan-boc.pdf",
  month =        "May",
}

@Article{2_Donovan,
  author        = "Joan Donovan",
  title         = "How Hate Groups' Secret Sound System Works",
  journal       = "The Atlantic",
  month         = mar,
  year          = "2019",
  doi           = "10.1145/1188913.1188915",
  url           = "https://perma.cc/9L5J-ZLAC",
}

@Article{3_Wardle,
  author        = "Claire Wardle and Hossein Derakhshan",
  title         = "Information Disorder: Toward an interdisciplinary framework for research and policymaking",
  journal       = "Council of Europe Report",
  year          = "2017",
  volume        = "27",
  url           = "https://edoc.coe.int/en/media/7495-information-disorder-toward-an-interdisciplinary-framework-for-research-and-policy-making.html",
}

@Inproceedings{4_Chancellor,
  author =       "Stevie Chancellor and Zhiyuan Jerry Lin and Munmun De Choudhury",
  title =        "``This Post Will Just Get Taken Down'': Characterizing Removed Pro-Eating Disorder Social Media Content",
  booktitle =    "Proceedings of the 2016 CHI Conference on Human Factors in Computing Systems",
  year =         "2016",
  publisher =    "ACM",
  address =      "San Jose, CA, USA",
  pages =        "1157–-1162",
  doi =          "10.1145/2858036.2858248",
  url =          "https://dl.acm.org/doi/10.1145/2858036.2858248",
  month =        "May",
}

@Inproceedings{5_Cheng,
  author =       "Justin Cheng and Cristian Danescu-Niculescu-Mizil and Jure Leskovec",
  title =        "Antisocial Behavior in Online Discussion Communities",
  booktitle =    "In Ninth International AAAI Conference on Web and Social Media",
  year =         "2016",
  publisher =    "AAAI",
  url =          "https://cs.stanford.edu/people/jure/pubs/trolls-icwsm15.pdf",
}

@Article{6_Sood,
  author        = "Sara Owsley Sood and Elizabeth F Churchill and Judd Antin",
  title         = "Automatic identification of personal insults on social news sites",
  journal       = "Journal of the American Society for Information Science and Technology 63, 2",
  year          = "2012",
  pages         = "270--285",
  url           = "https://dl.acm.org/doi/10.1002/asi.21690",
}

@Article{7_Chandrasekharan,
  author        = "Eshwar Chandrasekharan and Umashanthi Pavalanathan and Anirudh Srinivasan and Adam Glynn and Jacob Eisenstein and Eric Gilbert",
  title         = "You Can't Stay Here: The Efficacy of Reddit's 2015 Ban Examined Through Hate Speech",
  journal       = "Proc. ACM Hum.-Comput. Interact.",
  year          = "2017",
  pages         = "22 pages",
  url           = "https://dl.acm.org/doi/10.1145/3134666",
}

@Book{8_Gillespie,
  author =       "Tarleton Gillespie",
  year =         "2018",
  title =        "Custodians of the Internet: Platforms, Content Moderation, and the Hidden Decisions that Shape Social Media",
  address =      "New Haven, CT",
  publisher =    "Yale University Press", 
} 

@Article{9_Roberts,
  author        = "Sarah T. Roberts",
  title         = "Commercial Content Moderation: Digital Laborers' Dirty Work",
  journal       = "Media Studies Publications",
  volume        = "12",
  year          = "2016",
  url           = "https://ir.lib.uwo.ca/cgi/viewcontent.cgi?article=1012&context=commpub", 
}

@Inproceedings{10_Binns,
  author =       "Reuben Binns and Michael Veale and Max Van Kleek and Nigel Shadbolt",
  title =        "Like Trainer, Like Bot? Inheritance of Bias in Algorithmic Content Moderation",
  booktitle =    "International Conference on Social Informatics",
  year =         "2017",
  publisher =    "Springer",
  address =      "Springer, New York",
  pages =        "405--415",
  url =          "https://link.springer.com/chapter/10.1007/978-3-319-67256-4_32",
}

@Inproceedings{11_Hosseini,
  author =       "Hossein Hosseini and Sreeram Kannan and Baosen Zhang and Radha Poovendran",
  title =        "Deceiving Google’s Perspective API Built for Detecting Toxic Comments",
  booktitle =    "arxiv",
  year =         "2017",
  url =          "https://arxiv.org/pdf/1702.08138.pdf",
}

@Inproceedings{13_Fan,
  author =       "Fan, Jenny and Zhang, Amy X.",
  title =        "Digital Juries: A Civics-Oriented Approach to Platform Governance",
  booktitle =    "Conference on Human Factors in Computing Systems (CHI)",
  year =         "2020",
  publisher =    "ACM",
  pages =        "1--14",
  doi =          "10.1145/3313831.3376293",
  url =          "https://doi.org/10.1145/3313831.3376293",
  month =        "Apr",
}

@Inproceedings{14_Butler,
  author =       "Brian Butler and Elisabeth Joyce and Jacqueline Pike",
  title =        "Don't look now, but we've created a bureaucracy: the nature and roles of policies and rules in wikipedia",
  booktitle =    "CHI '08: Proceedings of the SIGCHI Conference on Human Factors in Computing Systems",
  year =         "2008",
  publisher =    "ACM",
  pages =        "1101–1110",
  doi =          "10.1145/1357054.1357227",
  url =          "https://doi.org/10.1145/1357054.1357227",
  month =        "Apr",
}

@Inproceedings{15_Xu,
  author =       "Jun-Ming Xu and Benjamin Burchfiel and Xiaojin Zhu and Amy Bellmore",
  title =        "An Examination of Regret in Bullying Tweets",
  booktitle =    "Proceedings of the 2013 Conference of the North American Chapter of the Association for Computational Linguistics: Human Language Technologies",
  year =         "2013",
  publisher =    "Association for Computational Linguistics",
  pages =        "697--702",
  url =          "https://www.aclweb.org/anthology/N13-1082/",
  month =        "Jun",
}

@Inproceedings{16_Jhaver,
  author =       "Shagun Jhaver and Amy Bruckman and Eric Gilbert",
  title =        "Does Transparency in Moderation Really Matter?: User Behavior After Content Removal Explanations on Reddit",
  booktitle =    "Proceedings of the ACM on Human-Computer Interaction",
  year =         "2019",
  publisher =    "ACM",
  doi =          "10.1145/3359252",
  url =          "https://doi.org/10.1145/3359252",
  month =        "Nov",
}

@Inproceedings{17_Jhaver,
  author =       "Shagun Jhaver and Darren Scott Appling and Eric Gilbert and Amy Bruckman",
  title =        "``Did You Suspect the Post Would be Removed?'': Understanding User Reactions to Content Removals on Reddit",
  booktitle =    "Proceedings of the ACM on Human-Computer Interaction",
  year =         "2019",
  publisher =    "ACM",
  pages =        "33 pages",
  volume        = "3",
  doi =          "10.1145/3359294",
  url =          "https://doi.org/10.1145/3359294",
  month =        "Apr",
}

@Inproceedings{18_Gilbert,
  author =       "Eric Gilbert",
  title =        "Widespread underprovision on Reddit",
  booktitle =    "Proceedings of the 2013 conference on Computer supported cooperative work (CSCW)",
  year =         "2013",
  publisher =    "ACM",
  pages =        "803--808",
  doi =          "10.1145/2441776.2441866",
  url =          "https://doi.org/10.1145/2441776.2441866",
  month =        "Feb",
}

@Book{20_Rolf,
  author =       "David Rolf",
  year =         "2016",
  title =        "The Fight for Fifteen: The Right Wage for a Working America",
  publisher =    "The New Press",
}

@Inproceedings{21_Whiting,
  author =       "Mark E. Whiting and Grant Hugh and Michael S. Bernstein",
  title =        "Fair Work: Crowd Work Minimum Wage with One Line of Code",
  booktitle =    "Proceedings of the AAAI Conference on Human Computation and Crowdsourcing",
  year =         "2019",
  publisher =    "AAAI",
}

@Inproceedings{22_Angeli,
  author =       "Gabor Angeli and Julie Tibshirani and Jean Wu and Christopher D. Manning",
  title =        "Combining Distant and Partial Supervision for Relation Extraction",
  booktitle =    "Proceedings of the 2014 Conference on Empirical Methods in Natural Language Processing (EMNLP)",
  year =         "2014",
  publisher =    "Association for Computational Linguistics",
  pages =        "1556--1567",
  url =          "https://www.aclweb.org/anthology/D14-1164/",
}

@Inproceedings{23_Pershina,
  author =       "Maria Pershina and Bonan Min and Wei Xu and Ralph Grishman",
  title =        "Infusion of Labeled Data into Distant Supervision for Relation Extraction",
  booktitle =    "Proceedings of the 52nd Annual Meeting of the Association for Computational Linguistics (Volume 2: Short Papers)",
  year =         "2014",
  publisher =    "Association for Computational Linguistics",
  pages =        "732--738",
  url =          "https://www.aclweb.org/anthology/P14-2119/",
}

@Inproceedings{24_Zhang,
  author =       "Ce Zhang and Feng Niu and Christopher Ré and Jude Shavlik",
  title =        "Big Data versus the Crowd: Looking for Relationships in All the Right Places",
  booktitle =    "Proceedings of the 50th Annual Meeting of the Association for Computational Linguistics (Volume 1: Long Papers)",
  year =         "2012",
  publisher =    "Association for Computational Linguistics",
  pages =        "825--834",
  url =          "https://www.aclweb.org/anthology/P12-1087/",
}

@Inproceedings{25_Liu,
  author =       "Angli Liu and Stephen Soderland and Jonathan Bragg and Christopher H. Lin and Xiao Ling and Daniel S. Weld",
  title =        "Effective Crowd Annotation for Relation Extraction",
  booktitle =    "Proceedings of the 2016 Conference of the North American Chapter of the Association for Computational Linguistics: Human Language Technologies",
  year =         "2016",
  publisher =    "Association for Computational Linguistics",
  pages =        "897--906",
  url =          "https://www.aclweb.org/anthology/N16-1104/",
}

@online{26_TensorFlow,
  author =       "TensorFlow",
  year =         "2020",
  title =        "Text Classification",
  url =          "https://www.tensorflow.org/tutorials/keras/text_classification",
  month =        oct,
  lastaccessed = "Dec 1, 2020",
}


@Inproceedings{27_Lampe,
  author =       "Cliff Lampe and Paul Resnick ",
  title =        "Slash(dot) and Burn: Distributed Moderation in a Large Online Conversation Space",
  booktitle =    "Proc. of ACM Computer Human Interaction Conference 2004 (CHI)",
  year =         "2004",
  publisher =    "Association for Computing Machinery",
  url =          "http://www.presnick.people.si.umich.edu/papers/chi04/LampeResnick.pdf",
}

@Article{28_Gorwa,
  author        = "Robert Gorwa and Reuben Binns and Christian Katzenbach",
  title         = "Algorithmic content moderation: Technical and political challenges in the automation of platform governance",
  journal       = "Big Data and Society",
  year          = "2020",
  url           = "https://journals.sagepub.com/doi/full/10.1177/2053951719897945",
}

@Article{29_Roberts,
  author        = "Sarah Roberts",
  title         = "Digital detritus: 'Error' and the logic of opacity in social media content moderation",
  journal       = "First Monday",
  year          = "2018",
}

@Inproceedings{30_MSB,
  author =       "Michael S Bernstein and Andres Monroy-Hernandez and Drew Harry and Paul Andre and Katrina Panovich and Gregory G Vargas ",
  title =        "4chan and/b: An Analysis of Anonymity and Ephemerality in a Large Online Community",
  booktitle =    "In ICWSM",
  year =         "2011",
  publisher =    "AAAI", 
}

@Book{31_Lessig,
  author =       "Lawrence Lessig",
  year =         "1999",
  title =        "Code and other laws of cyberspace",
  publisher =    "Basic books New York",
}

@Article{32_Preece,
  author        = "Jenny Preece and Diane Maloney-Krichmar",
  title         = "Online communities: focusing on sociability and usability",
  journal       = "Handbook of human-computer interaction",
  year          = "2003",
}

@Article{33_Williams,
  author        = "Ruth L Williams and Joseph Cothrel",
  title         = "Four smart ways to run online communities",
  journal       = "MIT Sloan Management Review",
  year          = "2000",
}

@Book{34_Gillespie,
  author =       "Tarleton Gillespie",
  year =         "2017",
  title =        "Governance of and by platforms: Sage handbook of social media",
  publisher =    "London: Sage", 
}

@Article{35_Seering,
  author        = "Joseph Seering and Tony Wang and Jina Yoon and Geoff Kaufman ",
  title         = "Moderator Engagement and Community Development in the Age of Algorithms",
  journal       = "New Media and Society",
  year          = "2019", 
}

@Article{36_Stecklow,
  author        = "Steve Stecklow ",
  title         = "Inside Facebook’s Myanmar operation: Hatebook",
  journal       = "Reuters",
  year          = "2018",
  url           = "https://www.reuters.com/investigates/special-report/myanmar-facebook-hate/", 
}

@Article{37_Chen,
  author        = "Adrian Chen ",
  title         = "The Laborers Who Keep Dick Pics And Beheadings Out Of Your Facebook Feed",
  journal       = "Wired",
  year          = "2014",
  url           = "https://www.wired.com/ 2014/ 10/ content-moderation/",
}

@Article{38_Wray,
  author        = "Daniel Dylan Wray ",
  title         = "The Companies Cleaning the Deepest, Darkest Parts of Social Media",
  journal       = "Vice",
  year          = "2018",
  url           = "https://www.vice.com/ en_us/article/ ywe7gb/ the-companies-cleaning-the-deepest-darkest-parts-of-social-media", 
}

@online{39_Bickert,
  author        = "Monika Bickert",
  title         = "Publishing Our Internal Enforcement Guidelines and Expanding Our Appeals Process",
  year          = "2018",
  lastaccessed = "Dec 1, 2020",
  url           = "https://newsroom.fb.com/news/2018/04/comprehensive-community-standards/",
}

@online{40_Google,
  author        = "Google",
  title         = "YouTube Community Guidelines enforcement in Google's Tranparency Report for 2018",
  year          = "2018",
  lastaccessed = "Dec 1, 2020",
  url           = "https://transparencyreport.google.com/youtube-policy/removals", 
}

@online{41_Twitter,
  author        = "Twitter Public Policy",
  title         = "Evolving our Twitter Transparency Report: expanded data and insights",
  year          = "2018",
  lastaccessed = "Dec 1, 2020",
  url           = "https://blog.twitter.com/official/en_us/topics/company/2018/evolving-our-twitter-transparency-report.html",
}

@online{42_HN,
  author        = "HN Moderation Team",
  year          = "2015",
  lastaccessed = "Dec 1, 2020",
  url           = "https://news.ycombinator.com/threads?id=dang",
}

@Inproceedings{43_Dinakar,
  author =       "Karthik Dinakar and Roi Reichart and Henry Lieberman ",
  title =        "Modeling the detection of Textual Cyberbullying",
  booktitle =    "In The Social Mobile Web",
  year =         "2011",
}

@Inproceedings{44_Xu,
  author =       "Jun-Ming Xu and Benjamin Burchfiel and Xiaojin Zhu and Amy Bellmore ",
  title =        "An Examination of Regret in Bullying Tweets",
  booktitle =    "In Proceedings of the North American Chapter of the Association for Computational Linguistics (NAACL-HLT)",
  year =         "2013", 
}

@Book{45_Geiger,
  author =       "R.Stuart Geiger",
  year =         "2011",
  title =        "The lives of bots. In: Wikipedia: A Critical Reader",
  publisher =    "Amsterdam: Institute of Network CulturesSage",
}

@online{46_GIFCT,
  author        = "GIFCT",
  year          = "2019",
  title         = "About the global internet forum to counter terrorism",
  lastaccessed = "Dec 1, 2020",
  url           = "https://perma.cc/44V5-554U",
}

@online{47_reddit,
  author        = "Reddit",
  year          = "2020",
  title         = "Automoderator",
  lastaccessed = "Dec 1, 2020",
  url           = "https://www.reddit.com/wiki/automoderator",
}

@Inproceedings{48_Pater,
  author =       "Jessica Annette Pater and Yacin Nadji and Elizabeth D Mynatt and Amy S Bruckman ",
  title =        "Just awful enough: the functional dysfunction of the something awful forums",
  booktitle =    "In Proceedings of the 32nd annual ACM conference on Human factors in computing systems, ACM",
  publisher =    "ACM",
  year =         "2014", 
}

@Inproceedings{49_Sood,
  author =       "Sara Sood and Judd Antin and Elizabeth Churchill ",
  title =        "Profanity use in online communities",
  booktitle =    "In Proceedings of the SIGCHI Conference on Human Factors in Computing Systems",
  publisher =    "ACM",
  year =         "2012", 
}

@Inproceedings{50_Brody,
  author =       "Samuel Brody and Nicholas Diakopoulos ",
  title =        "Cooooooooooooooollllllllllllll!!!!!!!!!!!!!!: using word lengthening to detect sentiment in microblogs",
  booktitle =    "In Proceedings of the conference on empirical methods in natural language processing",
  publisher =    "Association for Computational Linguistics",
  year =         "2011", 
}

@Inproceedings{51_Chancellor,
  author =       "Stevie Chancellor and Jessica Annette Pater and Trustin Clear and Eric Gilbert and  Munmun De Choudhury ",
  title =        "\# thyghgapp: Instagram Content Moderation and Lexical Variation in Pro-Eating Disorder Communities",
  booktitle =    "In Proceedings of the 19th ACM Conference on Computer-Supported Cooperative Work \& Social Computing",
  publisher =    "ACM",
  year =         "2016", 
}

@online{52_li,
  author        = "Li, S and Williams J",
  year          = "2018",
  title         = "Despite What Zuckerberg's Testimony May Imply, AI Cannot Save Us. Electronic Frontier Foundation Deeplinks Blog",
  lastaccessed = "Dec 1, 2020",
  url           = "https://www.eff.org/deeplinks/2018/04/despite-what-zuckerbergs-testimony-may-imply-ai-cannot-save-us",
}

@online{53_Sinders,
  author        = "Sinders, C",
  year          = "2017",
  title         = "Toxicity and tone are not the same thing: Analyzing the new Google API on toxicity, PerspectiveAPI",
  lastaccessed = "Dec 1, 2020",
  url           = "https://perma.cc/R9BM-V638",
}

@Inproceedings{54_Diaz,
  author =       "Mark Diaz and Isaac Johnson and Amanda Lazar and Anne Marie Piper and Darren Gergle ",
  title =        "Addressing Age-Related Bias in Sentiment Analysis",
  booktitle =    "Proceedings of the 2018 CHI Conference on Human Factors in Computing Systems",
  publisher =    "ACM",
  year =         "2018", 
}

@Inproceedings{55_Blodgett,
  author =       "Su Lin Blodgett and Lisa Green and Brendan O'Connor",
  title =        "Demographic dialectal variation in social media: A case study of African-American English",
  booktitle =    "In: EMNLP 2016: Conference on Empirical Methods in Natural Language Processing",
  publisher =    "ACM",
  year =         "2016", 
}

@Inproceedings{56_Zehlike,
  author =       "Meike Zehlike and Francesco Bonchi and Carlos Castillo and Sara Hajian and Mohamed Megahed and Ricardo Baeza-Yates",
  title =        "Fa* ir: A fair top-k ranking algorithm",
  booktitle =    "In: Proceedings of the 2017 ACM conference on information and knowledge management",
  publisher =    "ACM",
  year =         "2017", 
}

@Inproceedings{57_Barocas,
  author =       "Solon Barocas and Kate Crawford and Aaron Shapiro and Hanna Wallach",
  title =        "The Problem With Bias: Allocative Versus Representational Harms in Machine Learning",
  booktitle =    "SIGCIS Conference, http://meetings.sigcis.org/uploads/6/3/6/8/6368912/program.pdf",
  publisher =    "ACM",
  year =         "2017", 
}

@online{58_Culliford,
  author        = "Elizabeth Culliford and Katie Paul",
  year          = "2020",
  title         = "Facebook offers up first-ever estimate of hate speech prevalence on its platform",
  lastaccessed = "Dec 1, 2020",
  url           = "https://www.reuters.com/article/us-facebook-content/facebook-estimates-hate-speech-seen-in-1-out-of-1000-views-on-its-platform-idUSKBN27Z2R0",
}

@online{59_Phan,
  author        = "Trung T. Phan",
  title         = "For the very first time, Reddit revealed its user numbers",
  year          = "2020",
  lastaccessed = "Dec 1, 2020",
  url           = "https://thehustle.co/12032020-reddit-user-num/",
}

@online{60_Perspective,
  author        = "Jigsaw perspective",
  year          = "2020",
  title         = "Perspective API",
  lastaccessed = "Dec 1, 2020",
  url           = "https://www.perspectiveapi.com",
}

@Article{61_Varian,
  author        = "Hal R. Varian ",
  title         = "Bootstrap Tutorial",
  journal       = "Mathematica Journal",
  year          = "2005",
}

@online{62_Weisstein,
  author        = "Eric Weisstein",
  year          = "2020",
  title         = "Bootstrap Methods",
  lastaccessed = "Dec 1, 2020",
  url           = "http://mathworld.wolfram.com/BootstrapMethods.html",
}


@online{63_poisson,
  author        = "Wikipedia",
  year          = "2020",
  title         = "Poisson Regression",
  lastaccessed = "Dec 1, 2020",
  url           = "https://en.wikipedia.org/wiki/Poisson_regression#:~:text=Poisson\%20regression\%20assumes\%20the\%20response,used\%20to\%20model\%20contingency\%20tables.",
}

@online{64-kinkaid,
  author        = "Wikipedia",
  year          = "2020",
  title         = "Flesch–Kincaid readability tests",
  lastaccessed = "Dec 1, 2020",
  url           = "https://en.wikipedia.org/wiki/Flesch\%E2\%80\%93Kincaid_readability_tests",
}

@Article{65_Rocklage,
  author        = "Matthew D. Rocklage and Russell H. Fazio",
  title         = "The Evaluative Lexicon: Adjective use as a means of assessing and distinguishing attitude valence, extremity, and emotionality",
  journal       = "Journal of Experimental Social Psychology",
  volume        = "56",
  year          = "2015",
  url           = "https://doi.org/10.1016/j.jesp.2014.10.005", 
}

@Article{66_Rocklage,
  author        = "Matthew D. Rocklage and Derek D. Rucker and Loran F. Nordgren",
  title         = "The Evaluative Lexicon 2.0: The measurement of
emotionality, extremity, and valence in language",
  journal       = "Behavior Research Methods",
  volume        = "50",
  year          = "2018",
  url           = "https://doi.org/10.3758/s13428-017-0975-6", 
}

@Inproceedings{67_Gehman,
  author =       "Samuel Gehman and Suchin Gururangan and Maarten Sap and Yejin Choi and Noah A. Smith  ",
  title =        "RealToxicityPrompts: Evaluating Neural Toxic Degeneration in Language Models",
  booktitle =    "EMNLP",
  year =         "2020", 
}

@online{68_Davis,
  author        = "Alan Davis",
  year          = "2017",
  title         = "How Social Media Spurred Myanmar's Latest Violence",
  lastaccessed = "Dec 1, 2020",
  url           = "https://iwpr.net/global-voices/how-social-media-spurred-myanmars-latest",
}

@online{69_Mozur,
  author        = "Paul Mozur",
  year          = "2018",
  title         = "A Genocide Incited on Facebook, With Posts From Myanmar's Military",
  lastaccessed = "Dec 1, 2020",
  url           = "https://www.nytimes.com/2018/10/15/technology/myanmar-facebook-genocide.html",
}

@online{70_Berman,
  author        = "Mark Berman",
  year          = "2016",
  title         = "Prosecutors say Dylann Roof 'self-radicalized' online, wrote another manifesto in jail ",
  lastaccessed = "Dec 1, 2020",
  url           = "https://www.washingtonpost.com/news/post-nation/wp/2016/08/22/prosecutors-say-accused-charleston-church-gunman-self-radicalized-online/",
}

@online{71_Laub,
  author        = "Zachary Laub",
  year          = "2019",
  title         = "Hate Speech on Social Media: Global Comparisons",
  lastaccessed = "Dec 1, 2020",
  url           = "https://www.cfr.org/backgrounder/hate-speech-social-media-global-comparisons",
}

@Article{72_Lenhart,
  author        = "Amanda Lenhart and Michele Ybarra and Kathryn Zickuhr and Myeshia Price-Feeney",
  title         = "Online harassment, digital abuse, and cyberstalking in America",
  journal       = "Data \& Society",
  year          = "2017",
}

@Article{73_Duggan,
  author        = "Maeve Duggan",
  title         = "Online harassment",
  journal       = "The Pew Research Center",
  year          = "2017",
}

@Article{74_Mahar,
  author        = "Kaitlin Mahar and Amy X Zhang and David Karger",
  title         = "Squadbox: A tool to combat email harassment using friendsourced moderation",
  journal       = "Proceedings of the 2018 CHI Conference on Human Factors in Computing Systems",
  year          = "2018",
}

@online{75_Norton,
  author        = "Norton",
  year          = "2020",
  title         = "What is doxing?",
  lastaccessed = "Dec 1, 2020",
  url           = "https://us.norton.com/internetsecurity-privacy-what-is-doxing.html",
}

@online{76_Powell,
  author        = "Anastasia Powell and Asher Flynn",
  year          = "2020",
  title         = "Reports of 'revenge porn' skyrocketed during lockdown, we must stop blaming victims for it",
  lastaccessed = "Dec 1, 2020",
  url           = "https://theconversation.com/reports-of-revenge-porn-skyrocketed-during-lockdown-we-must-stop-blaming-victims-for-it-139659",
}

@online{77_YoutubeTeam,
  author        = "The YouTube Team",
  year          = "2019",
  title         = "Our ongoing work to tackle hate",
  lastaccessed = "Dec 1, 2020",
  url           = "https://blog.youtube/news-and-events/our-ongoing-work-to-tackle-hate",
}

@online{78_Vincent,
  author        = "James Vincent",
  year          = "2020",
  title         = "Reddit reports 18 percent reduction in hateful content after banning nearly 7,000 subreddits ",
  lastaccessed = "Dec 1, 2020",
  url           = "https://www.theverge.com/2020/8/20/21376957/reddit-hate-speech-content-policies-subreddit-bans-reduction",
}

@Article{79_Klonick,
  author        = "Kate Klonick",
  title         = "The New Governors: The People, Rules, and Processes Governing Online Speech",
  journal       = "Harvard Law Review",
  year          = "2017",
}

@online{80_FCC,
  author        = "FCC",
  year          = "2013",
  title         = "Telecommunications Act of 1996 ",
  lastaccessed = "Dec 1, 2020",
  url           = "https://www.fcc.gov/general/telecommunications-act-1996",
}

@online{81_Bootstrap,
  author        = "Statistics by Jim",
  year          = "2020",
  title         = "Introduction to Bootstrapping in Statistics with an Example  ",
  lastaccessed = "Dec 1, 2020",
  url           = "https://statisticsbyjim.com/hypothesis-testing/bootstrapping/",
}

@Article{82_Claire,
  author        = "Hardaker Claire",
  title         = "Trolling in asynchronous computer-mediated communication: From user discussions to academic definitions",
  journal       = "Politeness Res",
  year          = "2010",
}

@Article{83_Kayany,
  author        = "Joseph M. Kayany",
  title         = "Contexts of uninhibited online behavior: Flaming in social newsgroups on Usenet",
  journal       = "J Am Soc Inf Sci",
  year          = "1998",
}

@Article{84_Yavuz,
  author        = "Akbulut Yavuz and Sahin Yusuf Levent and Eristi Bahadir",
  title         = "Contexts of uninhibited online behavior: Flaming in social newsgroups on Usenet",
  journal       = "Educ Technol Soc",
  year          = "2010",
}

@Article{85_Wiener,
  author        = "David Wiener",
  title         = "Negligent publication of statements posted on electronic bulletin boards: Is there any liability left after Zeran?",
  journal       = "Santa Clara L Rev",
  year          = "1998",
}

@Inproceedings{86_Ribeiro,
  author =       "Manoel Horta Ribeiro and Shagun Jhaver and Savvas Zannettou and Jeremy Blackburn and Emiliano De Cristofaro and Gianluca Stringhini and Robert West",
  title =        "Does Platform Migration Compromise Content Moderation? Evidence from r/The_Donald and r/Incels",
  booktitle =    "arXiv",
  year =         "2020", 
}

@Inproceedings{87_Zimbardo,
  author =       "Philip G Zimbardo",
  title =        "The human choice: Individuation, reason, and order versus deindividuation, impulse, and chaos",
  booktitle =    "Nebr Symp Motiv",
  year =         "1969", 
}

@Book{88_Kraut,
  author =       "Robert E. Kraut and Paul Resnick",
  year =         "2012",
  title =        "Building successful online communities: Evidence-based social design",
  address =      "Cambridge, Massachusetts, United States",
  publisher =    "MIT Press",
}

@online{FB2020,
  author =       "BeauHD",
  year =         "2020",
  title =        "Key People Are Leaving Facebook and Torching the Company In Departure Notes",
  url =          "https://tech.slashdot.org/story/20/12/11/2229258/key-people-are-leaving-facebook-and-torching-the-company-in-departure-notes?utm_source=feedburner&utm_medium=feed&utm_campaign=Feed\%3A+Slashdot\%2Fslashdot+\%28Slashdot\%29",
  month =        mar,
  lastaccessed = "March 2, 2005",
}

% https://journals.plos.org/plosone/article?id=10.1371/journal.pone.0067863

@Article{90_Wei,
  author        = "Qiong Wei and Roland L. Dunbrack Jr",
  title         = "The Role of Balanced Training and Testing Data Sets for Binary Classifiers in Bioinformatics",
  journal       = "PLOS ONE",
  year          = "2013",
}

@online{91_Barrett,
  author =       "Paul M. Barrett",
  year =         "2020",
  title =        "Who Moderates the Social Media Giants? A Call to End Outsourcing",
  url =          "https://bhr.stern.nyu.edu/tech-content-moderation-june-2020",
  month =        june,
  lastaccessed = "July 1, 2021",
}

@online{92_Chandrasekharan,
  author =       "Eshwar Chandrasekharan and Eric Gilbert",
  year =         "2019",
  title =        "Hybrid Approaches to Detect Comments Violating Macro Norms on Reddit",
  url =          "https://arxiv.org/pdf/1904.03596.pdf",
  month =        mar,
  lastaccessed = "July 1, 2021",
}

@Article{93_Chancellor,
  author        = "Stevie Chancellor and Yannis Kalantidis and Jessica Pater and Munmun De Choudhury and David A. Shamma",
  title         = "Multimodal Classification of Moderated Online Pro-Eating Disorder Content",
  journal       = "Proceedings of the 2017 CHI Conference on Human Factors in Computing Systems",
  year          = "2017",
}

@online{94_Anderson,
  author =       "Carolyn J. Anderson",
  year =         "2019",
  title =        "Poisson Regression for Regression of Counts and Rates",
  url =          "https://education.illinois.edu/docs/default-source/carolyn-anderson/edpsy589/lectures/4_glm/4glm_3_beamer_post.pdf",
  month =        mar,
  lastaccessed = "July 1, 2021",
}

@Article{95_Gardner,
  author        = "Williamm Gardner and Edward Mulvey and Esther Shaw",
  title         = "Regression Analyses of Counts and Rates: Poisson, Overdispersed Poisson, and Negative Binomial Models",
  journal       = "Quantitative Methods in Psychology",
  year          = "1995",
}



















%%%%%%%%%%%%%%%%%%%%%%%%%%%%%%%%%%%%%%%%%%%%%%%%%%%%%%%%%%%%%%%%%%




@incollection{Stone1991will,
author = {Stone, Allucqu{\`{e}}re Rosanne},
booktitle = {Cyberspace: First Steps},
editor = {Benedikt, Michael},
pages = {81--118},
title = {{Will the Real Body Please Stand Up?}},
publisher = {MIT Press},
address = {Cambridge, MA, USA},
year = {1991}
}

@inproceedings{Cosley2005oversight,
 author = {Cosley, Dan and Frankowski, Dan and Kiesler, Sara and Terveen, Loren and Riedl, John},
 title = {How Oversight Improves Member-maintained Communities},
 booktitle = {Proceedings of the SIGCHI Conference on Human Factors in Computing Systems},
 series = {CHI '05},
 year = {2005},
 isbn = {1-58113-998-5},
 location = {Portland, Oregon, USA},
 pages = {11--20},
 numpages = {10},
 url = {http://doi.acm.org/10.1145/1054972.1054975},
 doi = {10.1145/1054972.1054975},
 acmid = {1054975},
 publisher = {ACM},
 address = {New York, NY, USA},
 keywords = {collective effort model, contribution, member-maintained, online communities, oversight, participation, quality},
}

@article{Gibson2019free,
author = {Gibson, Anna},
doi = {10.1177/2056305119832588},
issn = {2056-3051},
journal = {Social Media + Society},
month = {Jan},
number = {1},
numpages = {15},
title = {{Free Speech and Safe Spaces: How Moderation Policies Shape Online Discussion Spaces}},
volume = {5},
year = {2019}
}

@article{Matias2019civic,
author = {Matias, J. Nathan},
doi = {10.1177/2056305119836778},
issn = {2056-3051},
journal = {Social Media + Society},
title = {{The Civic Labor of Volunteer Moderators Online}},
year = {2019},
volume = {5},
number = {2},
numpages = {12}
}

@inproceedings{Wohn2019volunteer,
 author = {Wohn, Donghee Yvette},
 title = {Volunteer Moderators in Twitch Micro Communities: How They Get Involved, the Roles They Play, and the Emotional Labor They Experience},
 booktitle = {Proceedings of the 2019 CHI Conference on Human Factors in Computing Systems},
 series = {CHI '19},
 year = {2019},
 isbn = {978-1-4503-5970-2},
 location = {Glasgow, Scotland Uk},
 pages = {160:1--160:13},
 articleno = {160},
 numpages = {13},
 url = {http://doi.acm.org/10.1145/3290605.3300390},
 doi = {10.1145/3290605.3300390},
 acmid = {3300390},
 publisher = {ACM},
 address = {New York, NY, USA},
 keywords = {live streaming, moderation, online community, online harassment, qualitative, twitch},
}

@incollection{Reid1999hierarchy,
author = {Reid, Elizabeth},
booktitle = {Communities in Cyberspace},
edition = {1st},
editor = {Smith, Marc A. and Kollock, P.},
pages = {107--134},
publisher = {Routledge},
address = {New York, NY, USA},
title = {{Hierarchy and Power: Social Control in Cyberspace}},
year = {1999}
}

@article{jhaver2018online,
 author = {Jhaver, Shagun and Ghoshal, Sucheta and Bruckman, Amy and Gilbert, Eric},
 title = {Online Harassment and Content Moderation: The Case of Blocklists},
 journal = {ACM Trans. Comput.-Hum. Interact.},
 issue_date = {April 2018},
 volume = {25},
 number = {2},
 month = mar,
 year = {2018},
 issn = {1073-0516},
 pages = {12:1--12:33},
 articleno = {12},
 numpages = {33},
 url = {http://doi.acm.org/10.1145/3185593},
 doi = {10.1145/3185593},
 acmid = {3185593},
 publisher = {ACM},
 address = {New York, NY, USA},
 keywords = {Online harassment, blocking mechanisms, blocklists, gamergate, moderation},
}

@article{Burnap2015,
author = {Burnap, Pete and Williams, Matthew L.},
title = {Cyber Hate Speech on Twitter: An Application of Machine Classification and Statistical Modeling for Policy and Decision Making},
journal = {Policy \& Internet},
volume = {7},
number = {2},
pages = {223--242},
keywords = {Twitter, hate speech, Internet, policy, machine classification, statistical modeling, cyber hate, ensemble classifier},
doi = {10.1002/poi3.85},
year = {2015}
}

@article{Friedman2001,
author = {Friedman, Eric J. and Resnick, Paul},
title = {The Social Cost of Cheap Pseudonyms},
journal = {Journal of Economics \& Management Strategy},
volume = {10},
number = {2},
pages = {173--199},
doi = {10.1111/j.1430-9134.2001.00173.x},
year = {2001}
}

@inproceedings{Nobata2016,
 author = {Nobata, Chikashi and Tetreault, Joel and Thomas, Achint and Mehdad, Yashar and Chang, Yi},
 title = {Abusive Language Detection in Online User Content},
 booktitle = {Proceedings of the 25th International Conference on World Wide Web},
 series = {WWW '16},
 year = {2016},
 isbn = {978-1-4503-4143-1},
 location = {Montr\'{e}al, Qu\'{e}bec, Canada},
 pages = {145--153},
 numpages = {9},
 url = {https://doi.org/10.1145/2872427.2883062},
 doi = {10.1145/2872427.2883062},
 acmid = {2883062},
 publisher = {International World Wide Web Conferences Steering Committee},
 address = {Republic and Canton of Geneva, Switzerland},
 keywords = {abusive language, discourse classification, hate speech, natural language processing, nlp, stylistic classification},
}

@article{Wise2006,
    author = {Wise, Kevin and Hamman, Brian and Thorson, Kjerstin},
    title = {Moderation, Response Rate, and Message Interactivity: Features of Online Communities and Their Effects on Intent to Participate},
    journal = {Journal of Computer-Mediated Communication},
    volume = {12},
    number = {1},
    pages = {24--41},
    year = {2006},
    month = {10},
    doi = {10.1111/j.1083-6101.2006.00313.x}
}

@inproceedings{chandrasekharan2017bag,
 author = {Chandrasekharan, Eshwar and Samory, Mattia and Srinivasan, Anirudh and Gilbert, Eric},
 title = {The Bag of Communities: Identifying Abusive Behavior Online with Preexisting Internet Data},
 booktitle = {Proceedings of the 2017 CHI Conference on Human Factors in Computing Systems},
 series = {CHI '17},
 year = {2017},
 isbn = {978-1-4503-4655-9},
 location = {Denver, Colorado, USA},
 pages = {3175--3187},
 numpages = {13},
 url = {http://doi.acm.org/10.1145/3025453.3026018},
 doi = {10.1145/3025453.3026018},
 acmid = {3026018},
 publisher = {ACM},
 address = {New York, NY, USA},
 keywords = {abusive behavior, machine learning, moderation, online communities, social computing},
}

@article{Dibbell1993rape, 
  title={A Rape in Cyberspace: How an Evil Clown, a Haitian Trickster Spirit, Two Wizards, and a Cast of Dozens Turned a Database Into a Society}, 
  journal={The Village Voice}, 
  author={Dibbell, Julian}, 
  year={1993}, 
  volume={December 23}, 
  url={https://www.villagevoice.com/2005/10/18/a-rape-in-cyberspace/},
  pages={36--42}
}

@article{Blackwell2017classification,
 author = {Blackwell, Lindsay and Dimond, Jill and Schoenebeck, Sarita and Lampe, Cliff},
 title = {Classification and Its Consequences for Online Harassment: Design Insights from HeartMob},
 journal = {Proc. ACM Hum.-Comput. Interact.},
 issue_date = {November 2017},
 volume = {1},
 number = {CSCW},
 month = dec,
 year = {2017},
 issn = {2573-0142},
 pages = {24:1--24:19},
 articleno = {24},
 numpages = {19},
 url = {http://doi.acm.org/10.1145/3134659},
 doi = {10.1145/3134659},
 acmid = {3134659},
 publisher = {ACM},
 address = {New York, NY, USA},
 keywords = {bystanders, classification, intersectionality, labeling, moderation, online harassment, social norms, support},
} 

@article{Reicher1995social,
author = {Reicher, S. D. and  Spears, R. and Postmes, T.},
title = {A Social Identity Model of Deindividuation Phenomena},
journal = {European Review of Social Psychology},
volume = {6},
number = {1},
pages = {161--198},
year  = {1995},
publisher = {Routledge},
address = {London, UK},
doi = {10.1080/14792779443000049}
}

@article{Kou2017managing,
 author = {Kou, Yubo and Gui, Xinning and Zhang, Shaozeng and Nardi, Bonnie},
 title = {Managing Disruptive Behavior Through Non-Hierarchical Governance: Crowdsourcing in League of Legends and Weibo},
 journal = {Proc. ACM Hum.-Comput. Interact.},
 issue_date = {November 2017},
 volume = {1},
 number = {CSCW},
 month = dec,
 year = {2017},
 issn = {2573-0142},
 pages = {62:1--62:17},
 articleno = {62},
 numpages = {17},
 url = {http://doi.acm.org/10.1145/3134697},
 doi = {10.1145/3134697},
 acmid = {3134697},
 publisher = {ACM},
 address = {New York, NY, USA}
}

@article{west2018censored,
author = {West, Sarah Myers},
doi = {10.1177/1461444818773059},
journal = {New Media {\&} Society},
number = {11},
pages = {4366--4383},
title = {{Censored, suspended, shadowbanned: User interpretations of content moderation on social media platforms}},
url = {https://doi.org/10.1177/1461444818773059},
volume = {20},
year = {2018}
}

@book{Citron2014hate,
author = {Citron, Danielle Keats},
publisher = {Harvard University Press},
address= {Cambridge, MA, USA},
title = {{Hate Crimes in Cyberspace}},
year = {2014}
}

@incollection{Tajfel1979,
author = {Tajfel, Henri and Turner, John C.},
booktitle = {The social psychology of intergroup relations},
editor = {Austin, William G. and Worstel, Stephen},
pages = {33--47},
publisher = {Brooks\/Cole Pub. Co},
address = {Monterey, CA, USA},
title = {{An integrative theory of intergroup conflict}},
chapter = {3},
year = {1979}
}

@mastersthesis{lo2018all,
author = {Lo, Claudia},
school = {Massachusetts Institute of Technology},
title = {{When All You Have is a Banhammer: The Social and Communicative Work of Volunteer Moderators}},
year = {2018}
}

@inproceedings{chancellor2016thyghgapp,
author = {Chancellor, Stevie and Pater, Jessica Annette and Clear, Trustin and Gilbert, Eric and De Choudhury, Munmun},
title = {\# thyghgapp: Instagram Content Moderation and Lexical Variation in Pro-Eating Disorder Communities},
year = {2016},
isbn = {9781450335928},
publisher = {Association for Computing Machinery},
address = {New York, NY, USA},
url = {https://doi.org/10.1145/2818048.2819963},
doi = {10.1145/2818048.2819963},
booktitle = {Proceedings of the 19th ACM Conference on Computer-Supported Cooperative Work \& Social Computing},
pages = {1201--1213},
numpages = {13},
keywords = {social media, eating disorder, lexical variation, Instagram},
location = {San Francisco, California, USA},
series = {CSCW '16}
}

@article{grimmelmann2015virtues,
author = {Grimmelmann, James},
journal = {Yale J.L. \& Tech},
title = {{The Virtues of Moderation}},
volume = {17},
year = {2015},
pages = {42--109}
}

@article{douek2019facebook,
author = {Douek, Evelyn},
journal = {N.C. J.L. \& Tech},
title = {{Facebook's ``Oversight Board:'' Move Fast with Stable Infrastructure and Humility}},
volume = {21},
issue = {1},
year = {2019},
pages = {1--78}
}

@article{franks2017revenge,
author = {Franks, Mary Anne},
journal = {Fla. L. Rev.},
title = {{``Revenge Porn'' Reform: A View from the Front Lines}},
volume = {69},
year = {2017},
pages = {1251--1337}
}

@inproceedings{Ashktorab2016,
 author = {Ashktorab, Zahra and Vitak, Jessica},
 title = {Designing Cyberbullying Mitigation and Prevention Solutions Through Participatory Design With Teenagers},
 booktitle = {Proceedings of the 2016 CHI Conference on Human Factors in Computing Systems},
 series = {CHI '16},
 year = {2016},
 isbn = {978-1-4503-3362-7},
 location = {San Jose, California, USA},
 pages = {3895--3905},
 numpages = {11},
 url = {http://doi.acm.org/10.1145/2858036.2858548},
 doi = {10.1145/2858036.2858548},
 acmid = {2858548},
 publisher = {ACM},
 address = {New York, NY, USA},
 keywords = {adolescents, cyberbullying, participatory design, social media},
}

@article{Crawford2016flag,
author = {Kate Crawford and Tarleton Gillespie},
title ={What is a flag for? Social media reporting tools and the vocabulary of complaint},
journal = {New Media \& Society},
volume = {18},
number = {3},
pages = {410--428},
year = {2016},
doi = {10.1177/1461444814543163}
}

@inproceedings{Lampe2004slashdot,
 author = {Lampe, Cliff and Resnick, Paul},
 title = {Slash(Dot) and Burn: Distributed Moderation in a Large Online Conversation Space},
 booktitle = {Proceedings of the SIGCHI Conference on Human Factors in Computing Systems},
 series = {CHI '04},
 year = {2004},
 isbn = {1-58113-702-8},
 location = {Vienna, Austria},
 pages = {543--550},
 numpages = {8},
 url = {http://doi.acm.org/10.1145/985692.985761},
 doi = {10.1145/985692.985761},
 acmid = {985761},
 publisher = {ACM},
 address = {New York, NY, USA},
 keywords = {collaborative filtering, computer-mediated communication, recommender systems},
}

@article{Alvarez-Benjumea2018,
author = {{\'{A}}lvarez-Benjumea, Amalia and Winter, Fabian},
doi = {10.1093/esr/jcy005},
issn = {14682672},
journal = {European Sociological Review},
title = {{Normative Change and Culture of Hate: An Experiment in Online Environments}},
volume={34},
number={3},
year = {2018},
month = {June},
pages={223--237}
}

@article{Helberger2018cooperative,
author = {Helberger, Natali and Pierson, Jo and Poell, Thomas},
doi = {10.1080/01972243.2017.1391913},
issn = {10876537},
journal = {Information Society},
keywords = {Cooperative responsibility,Facebook,Uber,online platforms,problem of many hands,public values},
title = {{Governing online platforms: From contested to cooperative responsibility}},
year = {2018},
volume = {34},
number = {1},
pages = {1--14}
}

@inproceedings{Pater2016,
 author = {Pater, Jessica A. and Kim, Moon K. and Mynatt, Elizabeth D. and Fiesler, Casey},
 title = {Characterizations of Online Harassment: Comparing Policies Across Social Media Platforms},
 booktitle = {Proceedings of the 19th International Conference on Supporting Group Work},
 series = {GROUP '16},
 year = {2016},
 isbn = {978-1-4503-4276-6},
 location = {Sanibel Island, Florida, USA},
 pages = {369--374},
 numpages = {6},
 url = {http://doi.acm.org/10.1145/2957276.2957297},
 doi = {10.1145/2957276.2957297},
 acmid = {2957297},
 publisher = {ACM},
 address = {New York, NY, USA},
 keywords = {community norms, governance, harassment, online communities, policy, social media, terms of service},
}

@inproceedings{geiger2010work,
 author = {Geiger, R. Stuart and Ribes, David},
 title = {The Work of Sustaining Order in Wikipedia: The Banning of a Vandal},
 booktitle = {Proceedings of the 2010 ACM Conference on Computer Supported Cooperative Work},
 series = {CSCW '10},
 year = {2010},
 isbn = {978-1-60558-795-0},
 location = {Savannah, Georgia, USA},
 pages = {117--126},
 numpages = {10},
 url = {http://doi.acm.org/10.1145/1718918.1718941},
 doi = {10.1145/1718918.1718941},
 acmid = {1718941},
 publisher = {ACM},
 address = {New York, NY, USA},
 keywords = {bots, collaboration, distributed cognition, ethnography, qualitative, social, trace ethnography, wiki, wikipedia},
}

@article{Phillips2011,
author = {Phillips, Whitney},
doi = {10.5210/fm.v16i12.3168},
isbn = {1396-0466, 1396-0466},
issn = {13960466},
journal = {First Monday},
number = {12},
title = {{LOLing at tragedy: Facebook trolls, memorial pages and resistance to grief online}},
numpages={12},
volume = {16},
year = {2011}
}

@inproceedings{Seering2017shaping,
 author = {Seering, Joseph and Kraut, Robert and Dabbish, Laura},
 title = {Shaping Pro and Anti-Social Behavior on Twitch Through Moderation and Example-Setting},
 booktitle = {Proceedings of the 2017 ACM Conference on Computer Supported Cooperative Work and Social Computing},
 series = {CSCW '17},
 year = {2017},
 isbn = {978-1-4503-4335-0},
 location = {Portland, Oregon, USA},
 pages = {111--125},
 numpages = {15},
 url = {http://doi.acm.org/10.1145/2998181.2998277},
 doi = {10.1145/2998181.2998277},
 acmid = {2998277},
 publisher = {ACM},
 address = {New York, NY, USA},
 keywords = {authority and imitation, chatroom behavior, moderation strategies},
}

@inproceedings{cheng2017anyone,
 author = {Cheng, Justin and Bernstein, Michael and Danescu-Niculescu-Mizil, Cristian and Leskovec, Jure},
 title = {Anyone Can Become a Troll: Causes of Trolling Behavior in Online Discussions},
 booktitle = {Proceedings of the 2017 ACM Conference on Computer Supported Cooperative Work and Social Computing},
 series = {CSCW '17},
 year = {2017},
 isbn = {978-1-4503-4335-0},
 location = {Portland, Oregon, USA},
 pages = {1217--1230},
 numpages = {14},
 url = {http://doi.acm.org/10.1145/2998181.2998213},
 doi = {10.1145/2998181.2998213},
 acmid = {2998213},
 publisher = {ACM},
 address = {New York, NY, USA},
 keywords = {antisocial behavior, online communities, trolling},
}

@article{seering2019moderator,
author = {Joseph Seering and Tony Wang and Jina Yoon and Geoff Kaufman},
title ={Moderator engagement and community development in the age of algorithms},
journal = {New Media \& Society},
volume = {21},
number = {7},
pages = {1417--1443},
year = {2019},
doi = {10.1177/1461444818821316}
}

@inproceedings{Fiesler2018reddit,
author = {Fiesler, Casey and Jiang, Jialun and McCann, Joshua and Frye, Kyle and Brubaker, Jed},
booktitle = {{Proceedings of the Twelfth International AAAI Conference on Web and Social Media (ICWSM 2018)}},
title = {{Reddit Rules! Characterizing an Ecosystem of Governance}},
year = {2018},
publisher = {AAAI},
address = {{Menlo Park, CA, USA}},
pages={72--81}
}

@article{suzor2019transparency,
author = {Suzor, Nicolas P and West, Sarah Myers and Quodling, Andrew and York, Jillian},
journal = {International Journal of Communication},
title = {{What Do We Mean When We Talk About Transparency? Toward Meaningful Transparency in Commercial Content Moderation}},
volume = {13},
year = {2019},
pages = {1526--1543},
publisher = {USC Annenberg Press},
address = {Los Angeles, CA, USA}
}

@book{sternberg2012misbehavior,
author = {Sternberg, Janet},
publisher = {Rowman {\&} Littlefield},
title = {{Misbehavior in cyber places: The regulation of online conduct in virtual communities on the Internet}},
year = {2012},
address = {Lanham, MD, USA}
}

@incollection{Donath1999identity,
address = {London, UK},
author = {Donath, Judith},
booktitle = {Communities in Cyberspace},
doi = {10.1519/JSC.0b013e3181e4f7a9},
edition = {1st},
editor = {Smith, Marc A and Kollock, Peter},
isbn = {1581131348},
issn = {15334287},
pages = {27--58},
pmid = {21499139},
publisher = {Routledge},
title = {{Identity and Deception in the Virtual Community}},
year = {1999}
}

@incollection{roberts2016commercial,
author = {Roberts, Sarah T.},
booktitle = {The Intersectional Internet: Race, Sex, Class and Culture Online},
editor = {Noble, Safiya Umoja and Tynes, Brendesha M.},
pages = {147--160},
publisher = {Peter Lang Digital Formations series},
address = {New York, NY, USA},
title = {{Commercial Content Moderation: Digital Laborers' Dirty Work}},
year = {2016}
}

@article{huang2016effect,
	author = {Guanxiong Huang and Kang Li},
	title = {The Effect of Anonymity on Conformity to Group Norms in Online Contexts: A Meta-Analysis},
	journal = {International Journal of Communication},
	volume = {10},
	year = {2016},
	keywords = {deindividuation, group identification, anonymity, conformity, meta-analysis},
	pages={398--415},
	issn = {1932-8036}
}

@article{herring2002searching,
author = {Herring, Susan and Job-Sluder, Kirk and Scheckler, Rebecca and Barab, Sasha},
doi = {10.1080/01972240290108186},
journal = {The Information Society},
number = {5},
pages = {371--384},
publisher = {Routledge},
address = {London, UK},
title = {{Searching for Safety Online: Managing ``Trolling'' in a Feminist Forum}},
url = {https://doi.org/10.1080/01972240290108186},
volume = {18},
year = {2002}
}

@article{Munger2016,
author = {Munger, Kevin},
doi = {10.1007/s11109-016-9373-5},
issn = {1573-6687},
journal = {Political Behavior},
keywords = {Online harassment Social media Randomized field experiment Social identity},
publisher = {Springer US},
address = {New York, NY, USA},
title = {{Tweetment Effects on the Tweeted : Experimentally Reducing Racist Harassment}},
volume={39},
number={3},
pages={629--649},
year = {2016}
}

@article{Lopes2017,
title = {Who do you troll and Why: An investigation into the relationship between the Dark Triad Personalities and online trolling behaviours towards popular and less popular Facebook profiles},
journal = {Computers in Human Behavior},
volume = {77},
pages = {69--76},
year = {2017},
issn = {0747-5632},
doi = {https://doi.org/10.1016/j.chb.2017.08.036},
author = {Barbara Lopes and Hui Yu},
keywords = {Dark personality triad, Trolling, Social comparison, Popular Facebook profiles, Less popular Facebook profiles}
}

@inproceedings{kiene2016surviving,
 author = {Kiene, Charles and Monroy-Hern\'{a}ndez, Andr{\'e}s and Hill, Benjamin Mako},
 title = {Surviving an ``Eternal September'': How an Online Community Managed a Surge of Newcomers},
 booktitle = {Proceedings of the 2016 CHI Conference on Human Factors in Computing Systems},
 series = {CHI '16},
 year = {2016},
 isbn = {978-1-4503-3362-7},
 location = {San Jose, California, USA},
 pages = {1152--1156},
 numpages = {5},
 url = {http://doi.acm.org/10.1145/2858036.2858356},
 doi = {10.1145/2858036.2858356},
 acmid = {2858356},
 publisher = {ACM},
 address = {New York, NY, USA},
 keywords = {newcomers, norms and governance, online communities, peer production, qualitative methods},
}

@article{chandrasekharan2017you,
 author = {Chandrasekharan, Eshwar and Pavalanathan, Umashanthi and Srinivasan, Anirudh and Glynn, Adam and Eisenstein, Jacob and Gilbert, Eric},
 title = {You Can't Stay Here: The Efficacy of Reddit's 2015 Ban Examined Through Hate Speech},
 journal = {Proc. ACM Hum.-Comput. Interact.},
 issue_date = {November 2017},
 volume = {1},
 number = {CSCW},
 month = dec,
 year = {2017},
 issn = {2573-0142},
 pages = {31:1--31:22},
 articleno = {31},
 numpages = {22},
 url = {http://doi.acm.org/10.1145/3134666},
 doi = {10.1145/3134666},
 acmid = {3134666},
 publisher = {ACM},
 address = {New York, NY, USA},
 keywords = {banning, causal inference, hate speech, moderation, online communities},
} 

@incollection{Binns2017trainer,
author = {Binns, Reuben and Veale, Michael and {Van Kleek}, Max and Shadbolt, Nigel},
booktitle = {Social Informatics. SocInfo 2017. Lecture Notes in Computer Science, vol 10540},
doi = {10.1007/978-3-319-67256-4_32},
editor = {Ciampaglia, G. and Mashhadi, A. and Yasseri, T.},
isbn = {9783319672557},
issn = {16113349},
keywords = {Algorithmic accountability,Discussion platforms,Freedom of speech,Machine learning,Online abuse},
mendeley-groups = {Moderation Overall},
publisher = {Springer},
address = {Cham, Switzerland},
title = {{Like trainer, like bot? Inheritance of bias in algorithmic content moderation}},
year = {2017}
}


@book{gillespie2018custodians,
author = {Gillespie, Tarleton},
publisher = {Yale University Press},
title = {{Custodians of the Internet: Platforms, Content Moderation, and the Hidden Decisions that Shape Social Media}},
year = {2018},
address={New Haven, CT, USA}
}

@incollection{Smith1999communities,
author = {Smith, Anna DuVal},
booktitle = {Communities in Cyberspace},
edition = {1st},
editor = {Smith, Marc A and Kollock, P},
pages = {135--166},
publisher = {Routledge},
address = {New York, NY, USA},
title = {{Problems of Conflict Management in Virtual Communities}},
year = {1999}
}

@article{fox2017womens,
author = {Fox, Jesse and Tang, Wai Yen},
doi = {10.1177/1461444816635778},
journal = {New Media {\&} Society},
number = {8},
pages = {1290--1307},
title = {{Women's experiences with general and sexual harassment in online video games: Rumination, organizational responsiveness, withdrawal, and coping strategies}},
url = {https://doi.org/10.1177/1461444816635778},
volume = {19},
year = {2017}
}

@article{halfaker2013rise,
author = {Aaron Halfaker and R. Stuart Geiger and Jonathan T. Morgan and John Riedl},
title ={The Rise and Decline of an Open Collaboration System: How Wikipedia's Reaction to Popularity Is Causing Its Decline},
journal = {American Behavioral Scientist},
volume = {57},
number = {5},
pages = {664--688},
year = {2013},
doi = {10.1177/0002764212469365}
}

@article{Geiger2016botbased,
author = {R. Stuart Geiger},
title = {Bot-based collective blocklists in Twitter: the counterpublic moderation of harassment in a networked public space},
journal = {Information, Communication \& Society},
address = {New York, NY, USA},
volume = {19},
number = {6},
pages = {787--803},
year  = {2016},
publisher = {Routledge},
doi = {10.1080/1369118X.2016.1153700}
}

@inproceedings{Davidson2017,
author = {Davidson, T and Warmsley, D and Macy, M and Weber, Ingmar},
booktitle = {{Proceedings of the Eleventh International AAAI Conference on Web and Social Media (ICWSM 2017)}},
title = {{Automated hate speech detection and the problem of offensive language}},
year = {2017}, 
publisher = {AAAI},
address = {{Menlo Park, CA, USA}},
pages={512--515}
}

@article{Klonick2018new,
author = {Klonick, Kate},
journal = {Harvard Law Review},
title = {{The new governors: The people, rules, and processes governing online speech}},
volume = {131},
pages = {1598--1670},
year = {2018}
}

@inproceedings{vitak2017identifying,
 author = {Vitak, Jessica and Chadha, Kalyani and Steiner, Linda and Ashktorab, Zahra},
 title = {Identifying Women's Experiences With and Strategies for Mitigating Negative Effects of Online Harassment},
 booktitle = {Proceedings of the 2017 ACM Conference on Computer Supported Cooperative Work and Social Computing},
 series = {CSCW '17},
 year = {2017},
 isbn = {978-1-4503-4335-0},
 location = {Portland, Oregon, USA},
 pages = {1231--1245},
 numpages = {15},
 url = {http://doi.acm.org/10.1145/2998181.2998337},
 doi = {10.1145/2998181.2998337},
 acmid = {2998337},
 publisher = {ACM},
 address = {New York, NY, USA},
 keywords = {cyberbullying, misogyny, online harassment, social media},
}

@inproceedings{mahar2018squadbox,
 author = {Mahar, Kaitlin and Zhang, Amy X. and Karger, David},
 title = {Squadbox: A Tool to Combat Email Harassment Using Friendsourced Moderation},
 booktitle = {Proceedings of the 2018 CHI Conference on Human Factors in Computing Systems},
 series = {CHI '18},
 year = {2018},
 isbn = {978-1-4503-5620-6},
 location = {Montreal QC, Canada},
 pages = {586:1--586:13},
 articleno = {586},
 numpages = {13},
 url = {http://doi.acm.org/10.1145/3173574.3174160},
 doi = {10.1145/3173574.3174160},
 acmid = {3174160},
 publisher = {ACM},
 address = {New York, NY, USA},
 keywords = {crowdsourcing, email, friendsourcing, moderation, online harassment, private messages, social media},
}

@article{gerrard2018beyond,
author = {Gerrard, Ysabel},
doi = {10.1177/1461444818776611},
journal = {New Media {\&} Society},
number = {12},
pages = {4492--4511},
title = {{Beyond the hashtag: Circumventing content moderation on social media}},
url = {https://doi.org/10.1177/1461444818776611},
volume = {20},
year = {2018}
}

@article{Lampe2014crowdsourcing,
title = {Crowdsourcing civility: A natural experiment examining the effects of distributed moderation in online forums},
journal = {Government Information Quarterly},
volume = {31},
number = {2},
pages = {317--326},
year = {2014},
issn = {0740-624X},
doi = {https://doi.org/10.1016/j.giq.2013.11.005},
author = {Cliff Lampe and Paul Zube and Jusil Lee and Chul Hyun Park and Erik Johnston},
keywords = {Deliberation, Public administration, Politics, Social media, Human-computer interaction, Moderation systems}
}

@incollection{kiesler2012regulating,
author = {Kiesler, Sara and Kraut, Robert and Resnick, Paul and Kittur, Aniket},
booktitle = {Building Successful Online Communities: Evidence-Based Social Design},
publisher = {MIT Press},
address = {Cambridge, MA, USA},
title = {{Regulating behavior in online communities}},
pages={125--177},
chapter={4},
year = {2012},
editor = {Kraut, Robert and Resnick, Paul}
}

@article{Moor2010,
title = {Flaming on YouTube},
journal = {Computers in Human Behavior},
volume = {26},
number = {6},
pages = {1536--1546},
year = {2010},
issn = {0747-5632},
doi = {https://doi.org/10.1016/j.chb.2010.05.023},
author = {Moor, Peter J. and Heuvelman, Ard and Verleur, Ria},
keywords = {Internet, Interpersonal communication, Flaming}
}

@inproceedings{Liu2018,
author = {Liu, Ping and Guberman, Joshua and Hemphill, Libby and Culotta, Aron},
booktitle = {Proceedings of the Twelfth International AAAI Conference on Web and Social Media (ICWSM 2018)},
pages = {181--190},
title = {{Forecasting the presence and intensity of hostility on Instagram using linguistic and social features}},
volume = {91},
year = {2018},
publisher={AAAI},
address={{Menlo Park, CA, USA}}
}

@article{gillespie2010politics,
author = {Tarleton Gillespie},
title ={The politics of `platforms'},
journal = {New Media \& Society},
volume = {12},
number = {3},
pages = {347--364},
year = {2010},
doi = {10.1177/1461444809342738},
URL = {https://doi.org/10.1177/1461444809342738}
}

@book{Noble2018algorithms,
abstract = {How Search Engines Reinforce Racism},
author = {Noble, Safiya Umoja},
booktitle = {Algorithms of Oppression},
doi = {10.2307/j.ctt1pwt9w5},
publisher = {NYU Press},
address = {New York, NY, USA},
title = {{Algorithms of Oppression}},
year = {2018}
}

@book{Turkle1984second,
address = {Cambridge, MA, USA},
author = {Turkle, Sherry},
booktitle = {The Second Self},
doi = {10.7551/mitpress/6115.001.0001},
edition = {1st},
publisher = {MIT Press},
title = {{The Second Self}},
year = {1984}
}

@article{Kiesler1984social,
author = {Kiesler, Sara and Siegel, Jane and McGuire, Timothy W.},
doi = {10.1037/0003-066X.39.10.1123},
journal = {American Psychologist},
volume = {39},
number = {10},
pages = {1123--1134},
title = {{Social psychological aspects of computer-mediated communication}},
year = {1984}
}

@article{mackinnon1997virtual,
author = {MacKinnon, Richard},
title = {Virtual Rape},
journal = {Journal of Computer-Mediated Communication},
volume = {2},
number = {4},
pages = {1--2},
doi = {10.1111/j.1083-6101.1997.tb00200.x},
year = {1997}
}

@book{phillips2015we,
  title={This is why we can't have nice things: Mapping the relationship between online trolling and mainstream culture},
  author={Phillips, Whitney},
  year={2015},
  publisher={MIT Press},
  address = {Cambridge, MA, USA}
}

@book{phillips2018ambivalent,
  title={The ambivalent Internet: Mischief, oddity, and antagonism online},
  author={Phillips, Whitney and Milner, Ryan M.},
  year={2018},
  publisher={John Wiley \& Sons},
  address = {Hoboken, NJ, USA}
}

@article{Siegel1986group,
author = {Siegel, Jane and Dubrovsky, Vitaly and Kiesler, Sara and McGuire, Timothy W.},
doi = {10.1016/0749-5978(86)90050-6},
issn = {07495978},
journal = {Organizational Behavior and Human Decision Processes},
number = {2},
pages = {157--187},
title = {{Group processes in computer-mediated communication}},
volume = {37},
year = {1986}
}

@article{sproull1986reducing,
  title={Reducing social context cues: Electronic mail in organizational communication},
  author={Sproull, Lee and Kiesler, Sara},
  journal={Management science},
  volume={32},
  number={11},
  pages={1492--1512},
  year={1986},
  publisher={INFORMS},
  address={Catonsville, MD, USA}
}

@article{suler2004online,
  title={The online disinhibition effect},
  author={Suler, John},
  journal={Cyberpsychology \& behavior},
  volume={7},
  number={3},
  pages={321--326},
  year={2004},
  publisher={Mary Ann Liebert, Inc.},
  address={New Rochelle, NY, USA}
}

@inproceedings{yang2019channel,
 author = {Yang, Diyi and Yao, Zheng and Seering, Joseph and Kraut, Robert},
 title = {The Channel Matters: Self-disclosure, Reciprocity and Social Support in Online Cancer Support Groups},
 booktitle = {Proceedings of the 2019 CHI Conference on Human Factors in Computing Systems},
 series = {CHI '19},
 year = {2019},
 isbn = {978-1-4503-5970-2},
 location = {Glasgow, Scotland Uk},
 pages = {31:1--31:15},
 articleno = {31},
 numpages = {15},
 url = {http://doi.acm.org/10.1145/3290605.3300261},
 doi = {10.1145/3290605.3300261},
 acmid = {3300261},
 publisher = {ACM},
 address = {New York, NY, USA},
 keywords = {channel difference, online communities, online health support groups, self-disclosure, social support},
}

@incollection{tajfel1986social,
  author      = {Tajfel, H. and Turner, John C.},
  title       = {The Social Identity Theory of Intergroup Behavior},
  editor      = {Jost, John T. and Sidanius, Jim},
  booktitle   = {Political Psychology (Key readings in social psychology)},
  publisher   = {Psychology Press},
  address = {New York, NY, USA},
  year        = {2004},
  pages       = {276--293}
}

@inproceedings{blackwell2018online,
  title={When online harassment is perceived as justified},
  author={Blackwell, Lindsay and Chen, Tianying and Schoenebeck, Sarita and Lampe, Cliff},
  booktitle={{Proceedings of the Twelfth International AAAI Conference on Web and Social Media (ICWSM 2018)}},
  year={2018},
  publisher = {AAAI},
  address={{Menlo Park, CA, USA}},
  pages={22--31}
}

@article{stiff2019dark,
  title={The Dark Triad and Facebook surveillance: How Machiavellianism, psychopathy, but not narcissism predict using Facebook to spy on others},
  author={Stiff, Chris},
  journal={Computers in Human Behavior},
  volume={94},
  pages={62--69},
  year={2019},
  publisher={Elsevier}
}

@inproceedings{Seering2019captchas,
 author = {Seering, Joseph and Fang, Tianmi and Damasco, Luca and Chen, Mianhong `Cherie' and Sun, Likang and Kaufman, Geoff},
 title = {Designing User Interface Elements to Improve the Quality and Civility of Discourse in Online Commenting Behaviors},
 booktitle = {Proceedings of the 2019 CHI Conference on Human Factors in Computing Systems},
 series = {CHI '19},
 year = {2019},
 isbn = {978-1-4503-5970-2},
 location = {Glasgow, Scotland Uk},
 pages = {606:1--606:14},
 articleno = {606},
 numpages = {14},
 url = {http://doi.acm.org/10.1145/3290605.3300836},
 doi = {10.1145/3290605.3300836},
 acmid = {3300836},
 publisher = {ACM},
 address = {New York, NY, USA},
 keywords = {captchas, commenting, online communities, persuasive design, user interfaces},
}

@book{Taylor2018,
author = {Taylor, T.L.},
publisher = {Princeton University Press},
address = {Princeton, NJ, USA},
title = {{Watch Me Play: Twitch and the Rise of Game Live Streaming}},
year = {2018}
}

@book{kraut2012building,
  title={Building Successful Online Communities: Evidence-based Social Design},
  editor={Kraut, Robert and Resnick, Paul},
  year={2012},
  publisher={MIT Press},
  address={Cambridge, MA, USA}
}

@inproceedings{musicant2011mentoring,
 author = {Musicant, David R. and Ren, Yuqing and Johnson, James A. and Riedl, John},
 title = {Mentoring in Wikipedia: A Clash of Cultures},
 booktitle = {Proceedings of the 7th International Symposium on Wikis and Open Collaboration},
 series = {WikiSym '11},
 year = {2011},
 isbn = {978-1-4503-0909-7},
 location = {Mountain View, California},
 pages = {173--182},
 numpages = {10},
 url = {http://doi.acm.org/10.1145/2038558.2038586},
 doi = {10.1145/2038558.2038586},
 acmid = {2038586},
 publisher = {ACM},
 address = {New York, NY, USA},
 keywords = {Wikipedia, mentoring, newcomer retention},
}

@article{Jhaver2019automoderator,
 author = {Jhaver, Shagun and Birman, Iris and Gilbert, Eric and Bruckman, Amy},
 title = {Human-Machine Collaboration for Content Regulation: The Case of Reddit Automoderator},
 journal = {ACM Trans. Comput.-Hum. Interact.},
 issue_date = {July 2019},
 volume = {26},
 number = {5},
 month = jul,
 year = {2019},
 issn = {1073-0516},
 pages = {31:1--31:35},
 articleno = {31},
 numpages = {35},
 url = {http://doi.acm.org/10.1145/3338243},
 doi = {10.1145/3338243},
 acmid = {3338243},
 publisher = {ACM},
 address = {New York, NY, USA},
 keywords = {Automod, Content moderation, automated moderation, future of work, mixed initiative, platform governance},
}

@article{Seering2018bots,
 author = {Seering, Joseph and Flores, Juan Pablo and Savage, Saiph and Hammer, Jessica},
 title = {The Social Roles of Bots: Evaluating Impact of Bots on Discussions in Online Communities},
 journal = {Proc. ACM Hum.-Comput. Interact.},
 issue_date = {November 2018},
 volume = {2},
 number = {CSCW},
 month = nov,
 year = {2018},
 issn = {2573-0142},
 pages = {157:1--157:29},
 articleno = {157},
 numpages = {29},
 url = {http://doi.acm.org/10.1145/3274426},
 doi = {10.1145/3274426},
 acmid = {3274426},
 publisher = {ACM},
 address = {New York, NY, USA},
 keywords = {bots, chatbots, moderation, social roles, twitch},
}

@article{Seering2018applications,
 author = {Seering, Joseph and Ng, Felicia and Yao, Zheng and Kaufman, Geoff},
 title = {Applications of Social Identity Theory to Research and Design in Computer-Supported Cooperative Work},
 journal = {Proc. ACM Hum.-Comput. Interact.},
 issue_date = {November 2018},
 volume = {2},
 number = {CSCW},
 month = nov,
 year = {2018},
 issn = {2573-0142},
 pages = {201:1--201:34},
 articleno = {201},
 numpages = {34},
 url = {http://doi.acm.org/10.1145/3274771},
 doi = {10.1145/3274771},
 acmid = {3274771},
 publisher = {ACM},
 address = {New York, NY, USA},
 keywords = {collaboration, group conflict, leadership, self-categorization theory, self-presentation, social identity theory, social support},
}

@article{shaw2014laboratories,
  title={Laboratories of oligarchy? How the iron law extends to peer production},
  author={Shaw, Aaron and Hill, Benjamin M},
  journal={Journal of Communication},
  volume={64},
  number={2},
  pages={215--238},
  year={2014},
  publisher={Oxford University Press}
}

@book{marwick2013status,
  title={Status update: Celebrity, publicity, and branding in the social media age},
  author={Marwick, Alice E.},
  year={2013},
  publisher={Yale University Press},
  address={New Haven, CT, USA}
}

@article{Chandrasekharan2018internet,
 author = {Chandrasekharan, Eshwar and Samory, Mattia and Jhaver, Shagun and Charvat, Hunter and Bruckman, Amy and Lampe, Cliff and Eisenstein, Jacob and Gilbert, Eric},
 title = {The Internet's Hidden Rules: An Empirical Study of Reddit Norm Violations at Micro, Meso, and Macro Scales},
 journal = {Proc. ACM Hum.-Comput. Interact.},
 issue_date = {November 2018},
 volume = {2},
 number = {CSCW},
 month = nov,
 year = {2018},
 issn = {2573-0142},
 pages = {32:1--32:25},
 articleno = {32},
 numpages = {25},
 url = {http://doi.acm.org/10.1145/3274301},
 doi = {10.1145/3274301},
 acmid = {3274301},
 publisher = {ACM},
 address = {New York, NY, USA},
 keywords = {community norms, mixed methods, moderation, online communities},
}

@inproceedings{Seering2019beyond,
 author = {Seering, Joseph and Luria, Michal and Kaufman, Geoff and Hammer, Jessica},
 title = {Beyond Dyadic Interactions: Considering Chatbots As Community Members},
 booktitle = {Proceedings of the 2019 CHI Conference on Human Factors in Computing Systems},
 series = {CHI '19},
 year = {2019},
 isbn = {978-1-4503-5970-2},
 location = {Glasgow, Scotland Uk},
 pages = {450:1--450:13},
 articleno = {450},
 numpages = {13},
 url = {http://doi.acm.org/10.1145/3290605.3300680},
 doi = {10.1145/3290605.3300680},
 acmid = {3300680},
 publisher = {ACM},
 address = {New York, NY, USA},
 keywords = {chatbots, dyadic communication, online communities, social identity},
}

@techreport{pew2017harassment,
author = {{Pew Research Center}},
title = {Online Harassment 2017},
institution = {Pew Research Center, Washington, D.C.},
type = {Report},
year = {2017, July},
url = {https://www.pewinternet.org/2017/07/11/online-harassment-2017/},
}

@article{postigo2009america,
  title={America Online volunteers: Lessons from an early co-production community},
  author={Postigo, Hector},
  journal={International Journal of Cultural Studies},
  volume={12},
  number={5},
  pages={451--469},
  year={2009},
  publisher={Sage Publications Sage UK: London, England}
}

@article{terranova2000free,
  title={Free labor: Producing culture for the digital economy},
  author={Terranova, Tiziana},
  journal={Social text},
  volume={18},
  number={2},
  pages={33--58},
  year={2000},
  publisher={Duke University Press}
}

@article{postigo2003emerging,
  title={Emerging sources of labor on the Internet: The case of America online volunteers},
  author={Postigo, Hector},
  journal={International review of social History},
  volume={48},
  number={S11},
  pages={205--223},
  year={2003},
  publisher={Cambridge University Press}
}

@incollection{butler2007community,
  title={Community effort in online groups: Who does the work and why},
  author={Butler, Brian and Sproull, Lee and Kiesler, Sara and Kraut, Robert},
  booktitle={Leadership at a distance: Research in technologically supported work},
  pages={171--194},
  chapter={9},
  editor={Weisband, Suzanne P.},
  publisher={Lawrence Erlbaum Associates, Taylor \& Francis Group},
  address = {Mahwah, NJ, USA},
  year={2007}
}

@inproceedings{kittur2007he,
 author = {Kittur, Aniket and Suh, Bongwon and Pendleton, Bryan A. and Chi, Ed H.},
 title = {He Says, She Says: Conflict and Coordination in Wikipedia},
 booktitle = {Proceedings of the SIGCHI Conference on Human Factors in Computing Systems},
 series = {CHI '07},
 year = {2007},
 isbn = {978-1-59593-593-9},
 location = {San Jose, California, USA},
 pages = {453--462},
 numpages = {10},
 url = {http://doi.acm.org/10.1145/1240624.1240698},
 doi = {10.1145/1240624.1240698},
 acmid = {1240698},
 publisher = {ACM},
 address = {New York, NY, USA},
 keywords = {Wiki, Wikipedia, collaboration, conflict, user model, visualization, web-based interaction},
}

@article{citron2018problem,
  title={The Problem Isn't Just Backpage: Revising Section 230 Immunity},
  author={Citron, Danielle Keats and Wittes, Benjamin},  
  year={2018},
  month={July},
  day={23},
  volume={2},
  issue={2},
  journal={Georgetown Law Technology Review (2018)},
  pages={453--473},
  titleaddon={University of Maryland Francis King Carey School of Law Legal Studies Research Paper No. 2018-22}
}

@article{massanari2017gamergate,
author = {Massanari, Adrienne},
journal = {New Media {\&} Society},
number = {3},
pages = {329--346},
title = {{{\#}Gamergate and The Fappening: How Reddit's algorithm, governance, and culture support toxic technocultures}},
volume = {19},
year = {2017}
}

@article{CHO2015impacts,
title = "The impacts of identity verification and disclosure of social cues on flaming in online user comments",
journal = "Computers in Human Behavior",
volume = "51",
pages = "363 - 372",
year = "2015",
issn = "0747-5632",
doi = "https://doi.org/10.1016/j.chb.2015.04.046",
url = "http://www.sciencedirect.com/science/article/pii/S0747563215003416",
author = "Daegon Cho and K. Hazel Kwon",
keywords = "Disinhibition, Anonymity, Flaming, Online public discussions, Online comments, Profanity",
}

@INPROCEEDINGS{Cho2012empirical,
author={D. {Cho} and S. {Kim} and A. {Acquisti}},
booktitle={2012 45th Hawaii International Conference on System Sciences},
title={Empirical analysis of online anonymity and user behaviors: the impact of real name policy},
year={2012},
volume={},
number={},
pages={3041-3050},
keywords={data privacy;government policies;Web sites;online anonymity;user behavior;real name policy;Internet media;public opinion;privacy invasion;cyber bully;Real Name Verification Law;Web sites;identification process;Privacy;Internet;Discussion forums;Educational institutions;Cyberspace;Law;Speech},
doi={10.1109/HICSS.2012.241},
ISSN={},
publisher={IEEE},
address={Piscataway, NJ},
month={Jan},}

@article {Kling1999assessing,
title = "Assessing Anonymous Communication on the Internet: Policy Deliberations",
journal = "The Information Society",
parent_itemid = "infobike://routledg/utis",
publishercode ="routledg",
year = "1999",
volume = "15",
number = "2",
pages = "79-90",
itemtype = "ARTICLE",
issn = "0197-2243",
eissn = "1087-6537",
url = "https://www.ingentaconnect.com/content/routledg/utis/1999/00000015/00000002/art00003",
keyword = "INTERNET, PROFESSIONAL COMMUNICATION, ENCRYPTION, PRIVACY, ANONYMITY, INFORMATION POLICY",
author = "Kling, Rob and Lee, Ya-Ching and Teich, Al and Frankel, Mark S.",
}

@book{reagle2015reading,
  title={Reading the comments: Likers, haters, and manipulators at the bottom of the web},
  author={Reagle Jr, Joseph M},
  year={2015},
  publisher={MIT Press}
}

@book{hiltz1978network,
  title={The Network Nation: Human Communication via Computer},
  author={Hiltz, Starr Roxanne and Turoff, Murray},
  year={1978},
  publisher={Addison-Wesley Publishing Company, Inc.},
  address={Boston, MA}
}

@article{Matias2019rules,
author = {Matias, J Nathan},
doi = {10.1073/pnas.1813486116},
issn = {0027-8424},
journal = {Proceedings of the National Academy of Sciences},
number = {20},
pages = {9785--9789},
publisher = {National Academy of Sciences},
title = {{Preventing harassment and increasing group participation through social norms in 2,190 online science discussions}},
url = {https://www.pnas.org/content/116/20/9785},
volume = {116},
year = {2019}
}

@article{Jiang2019voice,
 author = {Jiang, Jialun Aaron and Kiene, Charles and Middler, Skyler and Brubaker, Jed R. and Fiesler, Casey},
 title = {Moderation Challenges in Voice-based Online Communities on Discord},
 journal = {Proc. ACM Hum.-Comput. Interact.},
 issue_date = {November 2019},
 volume = {3},
 number = {CSCW},
 month = nov,
 year = {2019},
 issn = {2573-0142},
 pages = {55:1--55:23},
 articleno = {55},
 numpages = {23},
 url = {http://doi.acm.org/10.1145/3359157},
 doi = {10.1145/3359157},
 acmid = {3359157},
 publisher = {ACM},
 address = {New York, NY, USA},
 keywords = {discord, ephemerality, gaming communities, moderation, online communities, voice},
} 

@article{Kiene2019frames,
 author = {Kiene, Charles and Jiang, Jialun Aaron and Hill, Benjamin Mako},
 title = {Technological Frames and User Innovation: Exploring Technological Change in Community Moderation Teams},
 journal = {Proc. ACM Hum.-Comput. Interact.},
 issue_date = {November 2019},
 volume = {3},
 number = {CSCW},
 month = nov,
 year = {2019},
 issn = {2573-0142},
 pages = {44:1--44:23},
 articleno = {44},
 numpages = {23},
 url = {http://doi.acm.org/10.1145/3359146},
 doi = {10.1145/3359146},
 acmid = {3359146},
 publisher = {ACM},
 address = {New York, NY, USA},
 keywords = {API, bots, chat, computer-mediated communication, discord, moderation, online communities, reddit, social computing, technological change},
}

@incollection{benkler2016peer,
  title={Peer production and cooperation},
  author={Benkler, Yochai},
  booktitle={Handbook on the Economics of the Internet},
  pages={91--119},
  editor={Bauer, Johannes M and Latzer, Michael},
  year={2016},
  publisher={Edward Elgar Publishing},
  address={Cheltenham, United Kingdom}
}

@incollection{benkler2015peer,
  title={Peer Production: A Form of Collective Intelligence},
  author={Benkler, Yochai and Shaw, Aaron and Hill, Benjamin Mako},
  booktitle={Handbook of Collective Intelligence},
  pages={175--204},
  editor={Malone, Thomas and Bernstein, Michael},
  year={2015},
  publisher={MIT Press},
  address={Cambridge, MA, USA}
}

@article{citron2017internet,
  title={The internet will not break: Denying bad samaritans sec. 230 immunity},
  author={Citron, Danielle Keats and Wittes, Benjamin},
  journal={Fordham L. Rev.},
  volume={86},
  pages={401},
  year={2017},
  publisher={HeinOnline}
}

@incollection{lea1992flaming,
  title={`Flaming' in computer-mediated communication},
  author={Lea, Martin and O'Shea, Tim and Fung, Pat and Spears, Russell},
  booktitle={Contexts of Computer-mediated Communication},
  pages={89--112},
  editor={Martin Lea},
  year={1992},
  publisher={Harvester Wheatleaf},
  address={Hertfordshire, UK}
}

@book{rutter1987communicating,
author = {Rutter, D.R.},
publisher = {Pergamon Press},
address= {Oxford, UK},
title = {{Communicating by telephone}},
year = {1987}
}

  @article{jhaver2019explanations,
 author = {Jhaver, Shagun and Bruckman, Amy and Gilbert, Eric},
 title = {Does Transparency in Moderation Really Matter? User Behavior After Content Removal Explanations on Reddit},
 year = {2019},
 issue_date = {November 2019},
 publisher = {Association for Computing Machinery},
 address = {New York, NY, USA},
 volume = {3},
 number = {CSCW},
 url = {https://doi.org/10.1145/3359252},
 doi = {10.1145/3359252},
 journal = {Proc. ACM Hum.-Comput. Interact.},
 month = nov,
 articleno = {150},
 numpages = {27},
 keywords = {platform governance, content moderation, post removals, content regulation}
}

@incollection{kollock1996managing,
  title={Managing the Virtual Commons: Cooperation and Conflict in Computer Communities},
  author={Kollock, Peter and Smith, Marc},
  booktitle={Computer-mediated Communication: Linguistic, Social, and Cross-cultural Perspectives},
  pages={109--128},
  editor={Susan Herring},
  year={1996},
  publisher={John Benjamins Publishing},
  address={Amsterdam, Netherlands}
}

@article{forte2009governance,
author = {Forte, Andrea and Larco, Vanesa and Bruckman, Amy},
doi = {10.2753/MIS0742-1222260103},
journal = {Journal of Management Information Systems},
number = {1},
pages = {49--72},
publisher = {Routledge},
title = {{Decentralization in Wikipedia Governance}},
url = {https://doi.org/10.2753/MIS0742-1222260103},
volume = {26},
year = {2009}
}


@inproceedings{viegas2007order,
address = {Berlin, Heidelberg},
author = {Vi{\'{e}}gas, Fernanda B and Wattenberg, Martin and McKeon, Matthew M},
booktitle = {Online Communities and Social Computing},
editor = {Schuler, Douglas},
isbn = {978-3-540-73257-0},
pages = {445--454},
publisher = {Springer Berlin Heidelberg},
title = {{The Hidden Order of Wikipedia}},
year = {2007}
}


@book{ostrom1990governing,
author = {Ostrom, Elinor},
publisher = {Cambridge University Press},
address= {Cambridge, UK},
title = {{Governing the commons: The evolution of institutions for collective action}},
year = {1990}
}

@article{ostrom2000collective,
Author = {Ostrom, Elinor},
Title = {Collective Action and the Evolution of Social Norms},
Journal = {Journal of Economic Perspectives},
Volume = {14},
Number = {3},
Year = {2000},
Month = {September},
Pages = {137-158},
DOI = {10.1257/jep.14.3.137},
URL = {http://www.aeaweb.org/articles?id=10.1257/jep.14.3.137}}

@inproceedings{juneja2020through,
  title={Through the Looking Glass: Study of Transparency in Reddit's Moderation Practices},
  author={Juneja, Prerna and Ramasubramanian, Deepika and Mitra, Tanushree},
  booktitle={Proceedings of the 21st International Conference on Supporting Group Work},
  pages={},
  year={2020},
  publisher={ACM},
  address = {New York, NY, USA}
}

@article{johnson1998virtue,
	author = {David R. Johnson and David Post},
	title = {The New 'Civic Virtue' of the Internet},
	journal = {First Monday},
	volume = {3},
	number = {1},
	year = {1998},
	keywords = {},
	numpages = {18},
	issn = {13960466},	doi = {10.5210/fm.v3i1.570},
	url = {https://uncommonculture.org/ojs/index.php/fm/article/view/570}
}

@book{kauffman1993origins,
author = {Kauffman, Stuart},
publisher = {Oxford University Press},
address= {New York, NY, USA},
title = {{The Origins of Order: Self Organization and Selection in Evolution}},
year = {1993}
}

@book{kauffman1995home,
author = {Kauffman, Stuart},
publisher = {Oxford University Press},
address= {New York, NY, USA},
title = {{At Home in the Universe}},
year = {1995}
}

@article{johnson2004accountable,
author = {Johnson, David Reynold and Crawford, Susan P and Palfrey, John G},
journal = {Virginia J.L. \& Tech},
title = {{The Accountable Net: Peer Production of Internet Governance}},
volume = {9},
number = {9},
year = {2004},
pages = {1--33}
}

@article{phillips1996defending,
author = {Phillips, David J},
doi = {10.1080/019722496129693},
journal = {The Information Society},
number = {1},
pages = {39--62},
publisher = {Routledge},
title = {{Defending the Boundaries: Identifying and Countering Threats in a Usenet Newsgroup}},
url = {https://doi.org/10.1080/019722496129693},
volume = {12},
year = {1996}
}

@article{roberts2018detritus,
	author = {Sarah Roberts},
	title = {Digital detritus: 'Error' and the logic of opacity in social media content moderation},
	journal = {First Monday},
	volume = {23},
	number = {3},
	year = {2018},
	keywords = {},
	issn = {13960466},	doi = {10.5210/fm.v23i3.8283},
	numpages = {9},
	url = {https://journals.uic.edu/ojs/index.php/fm/article/view/8283}
}

@book{roberts2019behind,
  title={Behind the Screen: Content Moderation in the Shadows of Social Media},
  author={Roberts, Sarah T},
  year={2019},
  publisher={Yale University Press},
  address={New Haven, CT, USA}
}

@inproceedings{grondahl2018detection,
author = {Gr\"{o}ndahl, Tommi and Pajola, Luca and Juuti, Mika and Conti, Mauro and Asokan, N.},
title = {All You Need is ``Love'': Evading Hate Speech Detection},
year = {2018},
isbn = {9781450360043},
publisher = {Association for Computing Machinery},
address = {New York, NY, USA},
url = {https://doi.org/10.1145/3270101.3270103},
doi = {10.1145/3270101.3270103},
booktitle = {Proceedings of the 11th ACM Workshop on Artificial Intelligence and Security},
pages = {2--12},
numpages = {11},
keywords = {evasion attacks, classification, deep learning, adversarial training, adversarial examples, neural networks, logistic regression, hate speech, supervised learning},
location = {Toronto, Canada},
series = {AISec '18}
}

  @inproceedings{ghosh2011crowdsourcing,
 author = {Ghosh, Arpita and Kale, Satyen and McAfee, Preston},
 title = {Who Moderates the Moderators? Crowdsourcing Abuse Detection in User-Generated Content},
 year = {2011},
 isbn = {9781450302616},
 publisher = {Association for Computing Machinery},
 address = {New York, NY, USA},
 url = {https://doi.org/10.1145/1993574.1993599},
 doi = {10.1145/1993574.1993599},
 booktitle = {Proceedings of the 12th ACM Conference on Electronic Commerce},
 pages = {167--176},
 numpages = {10},
 keywords = {crowdsourcing, moderation, user-generated content},
 location = {San Jose, California, USA},
 series = {EC '11}
}

@article{chandrasekharan2019crossmod,
author = {Chandrasekharan, Eshwar and Gandhi, Chaitrali and Mustelier, Matthew Wortley and Gilbert, Eric},
title = {Crossmod: A Cross-Community Learning-Based System to Assist Reddit Moderators},
year = {2019},
issue_date = {November 2019},
publisher = {Association for Computing Machinery},
address = {New York, NY, USA},
volume = {3},
number = {CSCW},
url = {https://doi.org/10.1145/3359276},
doi = {10.1145/3359276},
journal = {Proc. ACM Hum.-Comput. Interact.},
month = nov,
articleno = {174},
numpages = {30},
keywords = {participatory design, machine learning, online communities, open source., moderation, community norms, online governance, sociotechnical systems, mixed initiative, ai}
}

  @article{taylor2019bystander,
 author = {Taylor, Samuel Hardman and DiFranzo, Dominic and Choi, Yoon Hyung and Sannon, Shruti and Bazarova, Natalya N.},
 title = {Accountability and Empathy by Design: Encouraging Bystander Intervention to Cyberbullying on Social Media},
 year = {2019},
 issue_date = {November 2019},
 publisher = {Association for Computing Machinery},
 address = {New York, NY, USA},
 volume = {3},
 number = {CSCW},
 url = {https://doi.org/10.1145/3359220},
 doi = {10.1145/3359220},
 journal = {Proc. ACM Hum.-Comput. Interact.},
 month = nov,
 articleno = {118},
 numpages = {26},
 keywords = {accountability, social media, empathy, cyberbullying}
}

@inproceedings{seering2020village,
 author = {Seering, Joseph and Luria, Michal and Ye, Connie and Kaufman, Geoff and Hammer, Jessica},
 title = {It Takes a Village: Integrating an Adaptive Chatbot into an Online Gaming Community},
 booktitle = {Proceedings of the 2020 CHI Conference on Human Factors in Computing Systems},
 series = {CHI '20},
 year = {2020},
 location = {Hawaii, USA},
 numpages = {12},
 url = {http://doi.acm.org/10.1145/3313831.3376708},
 doi = {10.1145/3313831.3376708},
 publisher = {ACM},
 address = {New York, NY, USA}
}

@article{squirrell2019dialectics,
author = {Squirrell, Tim},
doi = {10.1177/1461444819834317},
journal = {New Media {\&} Society},
number = {9},
pages = {1910--1927},
title = {{Platform dialectics: The relationships between volunteer moderators and end users on reddit}},
url = {https://doi.org/10.1177/1461444819834317},
volume = {21},
year = {2019}
}

@book{kaye2019speech,
  title={Speech Police: The Global Struggle to Govern the Internet},
  author={Kaye, David},
  publisher={Columbia Global Reports},
  address={New York, NY, USA},
  year={2019}
}

 @inproceedings{billings2010dispute,
 author = {Billings, Matt and Watts, Leon A.},
 title = {Understanding Dispute Resolution Online: Using Text to Reflect Personal and Substantive Issues in Conflict},
 year = {2010},
 isbn = {9781605589299},
 publisher = {Association for Computing Machinery},
 address = {New York, NY, USA},
 url = {https://doi.org/10.1145/1753326.1753542},
 doi = {10.1145/1753326.1753542},
 booktitle = {Proceedings of the SIGCHI Conference on Human Factors in Computing Systems},
 pages = {1447--1456},
 numpages = {10},
 keywords = {computer-mediated communication, virtual communities, wikipedia, conflict, online dispute resolution},
 location = {Atlanta, Georgia, USA},
 series = {CHI '10}
}

@inproceedings{bruckman2006panel,
author = {Bruckman, Amy and Danis, Catalina and Lampe, Cliff and Sternberg, Janet and Waldron, Chris},
title = {Managing Deviant Behavior in Online Communities},
year = {2006},
isbn = {1595932984},
publisher = {Association for Computing Machinery},
address = {New York, NY, USA},
url = {https://doi.org/10.1145/1125451.1125458},
doi = {10.1145/1125451.1125458},
booktitle = {CHI '06 Extended Abstracts on Human Factors in Computing Systems},
pages = {21--24},
numpages = {4},
keywords = {deviant behavior, norms, community standards, online communities, socio-technical systems},
location = {Montr\'{e}al, Qu\'{e}bec, Canada},
series = {CHI EA '06}
}

@inproceedings{yu2020taking,
author = {Yu, Bingjie and Spiel, Katta and Seering, Joseph and Watts, Leon},
title = {{``Taking Care of a Fruit Tree'': Nurturing as a Layer of Concern in Online Community Moderation}},
year = {2020},
isbn = {978-1-4503-6819-3/20/04},
publisher = {Association for Computing Machinery},
address = {New York, NY, USA},
url = {http://dx.doi.org/10.1145/3334480.3383009},
doi = {10.1145/3334480.3383009},
booktitle = {CHI '20 Extended Abstracts on Human Factors in Computing Systems},
pages = {253:1--9},
numpages = {9},
keywords = {deviant behavior, norms, community standards, online communities, socio-technical systems},
location = {Honolulu, HI, USA},
series = {CHI EA '20}
}

@book{kelty2008two,
  title={Two bits: The cultural significance of free software},
  author={Kelty, Christopher M},
  year={2008},
  publisher={Duke University Press},
  address={Durham, NC, USA}
}

@article{omahony2007emergence,
author = {O'Mahony, Siobh\'an and Ferraro, Fabrizio},
title = {The Emergence of Governance in an Open Source Community},
journal = {Academy of Management Journal},
volume = {50},
number = {5},
pages = {1079-1106},
year = {2007},
doi = {10.5465/amj.2007.27169153},
URL = {https://doi.org/10.5465/amj.2007.27169153}
}

@article{graham2016blacktwitter,
author = {Graham, Roderick and Smith, Shawn},
doi = {10.1177/2332649216639067},
journal = {Sociology of Race and Ethnicity},
number = {4},
pages = {433--449},
title = {{The Content of Our {\#}Characters: Black Twitter as Counterpublic}},
url = {https://doi.org/10.1177/2332649216639067},
volume = {2},
year = {2016}
}

@inproceedings{cai2019strategies,
author = {Cai, Jie and Wohn, Donghee Yvette},
title = {What Are Effective Strategies of Handling Harassment on Twitch? Users' Perspectives},
year = {2019},
isbn = {9781450366922},
publisher = {Association for Computing Machinery},
address = {New York, NY, USA},
url = {https://doi.org/10.1145/3311957.3359478},
doi = {10.1145/3311957.3359478},
booktitle = {Conference Companion Publication of the 2019 on Computer Supported Cooperative Work and Social Computing},
pages = {166--170},
numpages = {5},
keywords = {live streaming community, moderation strategies, twitch, content moderation, online harassment},
location = {Austin, TX, USA},
series = {CSCW '19}
}

@article{nam2019behind,
author = {Nam, Chaebong},
doi = {https://doi.org/10.1016/j.giq.2019.101394},
issn = {0740-624X},
journal = {Government Information Quarterly},
keywords = {Crosscutting interaction, Deliberative democracy, Moderation, Online deliberation, Public participation, Social network analysis, eRulemaking},
title = {{Behind the interface: Human moderation for deliberative engagement in an eRulemaking discussion}},
url = {http://www.sciencedirect.com/science/article/pii/S0740624X18302004},
year = {2019},
volume = {37},
number = {1},
articleno = {101394},
numpages = {13}
}

@article{geiger2017beyond,
author = {Geiger, R Stuart},
journal = {Big Data {\&} Society},
publisher = {SAGE Publications Sage UK},
address = {London, England},
title = {{Beyond opening up the black box: Investigating the role of algorithmic systems in Wikipedian organizational culture}},
volume = {4},
number = {2},
pages = {1--14},
doi = {https://doi.org/10.1177/2053951717730735},
year = {2017}
}

@inproceedings{keegan2017evolution,
author = {Keegan, Brian and Fiesler, Casey},
publisher = {AAAI},
address = {{Menlo Park, CA, USA}},
title = {{The Evolution and Consequences of Peer Producing Wikipedia's Rules}},
year = {2017},
booktitle={{Proceedings of the Eleventh International AAAI Conference on Web and Social Media (ICWSM 2017)}},
pages={112--121}
}

@inproceedings{gurzick2009olympus,
author = {Gurzick, David and White, Kevin F. and Lutters, Wayne G. and Boot, Lee},
title = {A View from Mount Olympus: The Impact of Activity Tracking Tools on the Character and Practice of Moderation},
year = {2009},
isbn = {9781605585000},
publisher = {Association for Computing Machinery},
address = {New York, NY, USA},
url = {https://doi.org/10.1145/1531674.1531727},
doi = {10.1145/1531674.1531727},
booktitle = {Proceedings of the ACM 2009 International Conference on Supporting Group Work},
pages = {361--370},
numpages = {10},
keywords = {design, awareness, tools, moderation, online communities, adolescents, sociotechnical systems},
location = {Sanibel Island, Florida, USA},
series = {GROUP '09}
}

@article{epstein2016sauce,
author={Epstein, Dmitry and Leshed, Gilly},
year={2016},
title={The Magic Sauce: Practices of Facilitation in Online Policy Deliberation},
journal={Journal of Public Deliberation},
volume={12},
number={1},
numpages={29},
articleno={4},
keywords={Political Science; Online information services; Research; Literacy; Internet; Platform; Policy making; Political participation; Government; New York; United States--US; 9261:public policy/administration; public policy},
}

@article{farina2014democratic,
  title={{Democratic Deliberation in the Wild: The McGill Online Design Studio and the Regulation Room Project}},
  author={Farina, Cynthia and Kong, Hoi and Blake, Cheryl and Newhart, Mary},
  journal={Fordham Urb. L.J.},
  volume={41},
  pages={1527},
  year={2014},
  publisher={HeinOnline}
}

@article{wright2006government,
author = {Wright, Scott},
doi = {10.1111/j.1467-856x.2006.00247.x},
journal = {The British Journal of Politics and International Relations},
number = {4},
pages = {550--568},
title = {{Government-run Online Discussion Fora: Moderation, Censorship and the Shadow of Control1}},
url = {https://doi.org/10.1111/j.1467-856x.2006.00247.x},
volume = {8},
year = {2006}
}

@article{edwards2002intermediary,
author = {Edwards, Arthur R},
doi = {10.3233/IP-2002-0002},
journal = {Information Polity},
number = {1},
pages = {3--20},
title = {{The moderator as an emerging democratic intermediary: The role of the moderator in Internet discussions about public issues}},
url = {https://doi.org/10.3233/IP-2002-0002},
volume = {7},
year = {2002}
}

@article{linders2012egovernment,
author = {Linders, Dennis},
doi = {https://doi.org/10.1016/j.giq.2012.06.003},
issn = {0740-624X},
journal = {Government Information Quarterly},
keywords = { Coproduction, Crowdsourcing, Government 2.0, Government as a platform, Open government, Social media,e-Government},
number = {4},
pages = {446--454},
title = {{From e-government to we-government: Defining a typology for citizen coproduction in the age of social media}},
url = {http://www.sciencedirect.com/science/article/pii/S0740624X12000883},
volume = {29},
year = {2012}
}

@article{beerbohm2015democratic, 
title={Is Democratic Leadership Possible?}, 
volume={109}, 
DOI={10.1017/S0003055415000398}, 
number={4}, 
journal={American Political Science Review}, 
publisher={Cambridge University Press}, 
author={Beerbohm, Eric}, 
year={2015}, 
pages={639--652}
}

  @inproceedings{fiesler2016archive,
 author = {Fiesler, Casey and Morrison, Shannon and Bruckman, Amy S.},
 title = {An Archive of Their Own: A Case Study of Feminist HCI and Values in Design},
 year = {2016},
 isbn = {9781450333627},
 publisher = {Association for Computing Machinery},
 address = {New York, NY, USA},
 url = {https://doi.org/10.1145/2858036.2858409},
 doi = {10.1145/2858036.2858409},
 booktitle = {Proceedings of the 2016 CHI Conference on Human Factors in Computing Systems},
 pages = {2574--2585},
 numpages = {12},
 keywords = {social norms, values in design, fan fiction, human-centered design, online communities, feminist hci, accessibility},
 location = {San Jose, California, USA},
 series = {CHI '16}
}

  @article{fiesler2019creativity,
 author = {Fiesler, Casey and Bruckman, Amy S.},
 title = {Creativity, Copyright, and Close-Knit Communities: A Case Study of Social Norm Formation and Enforcement},
 year = {2019},
 issue_date = {December 2019},
 publisher = {Association for Computing Machinery},
 address = {New York, NY, USA},
 volume = {3},
 number = {GROUP},
 url = {https://doi.org/10.1145/3361122},
 doi = {10.1145/3361122},
 journal = {Proc. ACM Hum.-Comput. Interact.},
 month = dec,
 articleno = {241},
 numpages = {24},
 keywords = {policy, fanfiction, copyright, remix, social norms, online communities, collective action, regulation, fandom, law}
}

@inproceedings{kittur2007conflict,
 author = {Kittur, Aniket and Suh, Bongwon and Pendleton, Bryan A. and Chi, Ed H.},
 title = {He Says, She Says: Conflict and Coordination in Wikipedia},
 year = {2007},
 isbn = {9781595935939},
 publisher = {Association for Computing Machinery},
 address = {New York, NY, USA},
 url = {https://doi.org/10.1145/1240624.1240698},
 doi = {10.1145/1240624.1240698},
 booktitle = {Proceedings of the SIGCHI Conference on Human Factors in Computing Systems},
 pages = {453–462},
 numpages = {10},
 keywords = {web-based interaction, user model, visualization, collaboration, conflict, Wiki, Wikipedia},
 location = {San Jose, California, USA},
 series = {CHI ’07}
}

@inproceedings{dosono2019moderation,
author = {Dosono, Bryan and Semaan, Bryan},
title = {Moderation Practices as Emotional Labor in Sustaining Online Communities: The Case of AAPI Identity Work on Reddit},
year = {2019},
isbn = {9781450359702},
publisher = {Association for Computing Machinery},
address = {New York, NY, USA},
url = {https://doi.org/10.1145/3290605.3300372},
doi = {10.1145/3290605.3300372},
booktitle = {Proceedings of the 2019 CHI Conference on Human Factors in Computing Systems},
articleno = {142},
numpages = {13},
keywords = {moderation, microaggressions, emotional labor, identity work, bot, harassment, reddit, race, online communities, aapi},
location = {Glasgow, Scotland Uk},
series = {CHI '19}
}

@manual{gengle1981communitree,
author = {Gengle, Dean},
title = {Communitree},
year = {1981},
organization = {The CommuniTree Group},
address = {San Francisco, CA, USA},
edition = {First}
}

@booklet{stone1993vampires,
author = {Stone, Allucqu{\`{e}}re Rosanne},
title = {What Vampires Know: Transsubjection and Transgender in Cyberspace},
howpublished= {Talk Given at the ``In Control: Mensch-Interface-Maschine'' Conference in Graz, Austria},
year = {1993}
}

@book{turner2010counterculture,
  title={From counterculture to cyberculture: Stewart Brand, the Whole Earth Network, and the rise of digital utopianism},
  author={Turner, Fred},
  year={2010},
  publisher={University of Chicago Press},
  address={Chicago, IL, USA}
}


@book{benedikt1991cyberspace,
  title={{Cyberspace: First Steps}},
  editor={Benedikt, Michael},
  year={1991},
  publisher={MIT Press},
  address={Cambridge, MA, USA}
}

@book{rheingold1993homesteading,
  title={{The Virtual Community: Homesteading on the Electronic Frontier}},
  author={Rheingold, Howard},
  year={1993},
  publisher={Addison Wesley Publishing Company},
  address={Boston, MA, USA}
}

@book{scott1995institutions,
  title={{Institutions and Organizations: Ideas, Interests, and Identities}},
  author={Scott, W Richard},
  year={1995},
  publisher={Sage Publications},
  address={Los Angeles, CA, USA},
  edition={1}
}

@article{scott2008lords,
author = {Scott, W Richard},
doi = {10.1177/0170840607088151},
journal = {Organization Studies},
number = {2},
pages = {219--238},
title = {{Lords of the Dance: Professionals as Institutional Agents}},
url = {https://doi.org/10.1177/0170840607088151},
volume = {29},
year = {2008}
}

@incollection{scott1990institutional,
author = {Scott, W Richard and Backman, Elaine V},
booktitle = {Innovations in health care delivery: Insights for organization theory},
editor = {Mick, Stephen S},
pages = {20--52},
title = {{Institutional theory and the medical care sector}},
publisher = {Jossey Bass},
address = {San Francisco, CA, USA},
year = {1990}
}

@article{schoenebeck2020justice,
author = {Schoenebeck, Sarita and Haimson, Oliver L and Nakamura, Lisa},
doi = {10.1177/1461444820913122},
journal = {New Media {\&} Society},
year = {2020},
pages = {1461444820913122},
title = {{Drawing from justice theories to support targets of online harassment}},
url = {https://doi.org/10.1177/1461444820913122},
}

@book{goldsmith2006controls,
  title={{Who Controls the Internet? Illusions of a Borderless World}},
  author={Goldsmith, Jack and Wu, Tim},
  year={2006},
  publisher={Oxford University Press},
  address={New York, NY, USA}
}

@book{lessig2006code,
  title={{Code: Version 2.0}},
  author={Lessig, Lawrence},
  year={2006},
  publisher={Basic Books},
  address={New York, NY, USA}
}

@article{albrecht2016how,
    author = {Jan Philipp Albrecht},
    title = {How the GDPR Will Change the World},
    journal = {European Data Protection Law Review},
    volume = {2},
    number = {3},
    year = {2016},
    abstract = {},
    numpages = {3},
    url = {https://doi.org/10.21552/EDPL/2016/3/4},
    doi = {10.21552/EDPL/2016/3/4}
}

@online{eu2016gdpr,
    title = {Regulation (EU) 2016/679 (General Data Protection Regulation). OJ L 119, 04.05.2016; cor. OJ L 127, 23.5.2018.},
    year = {2016},
    url = {https://ec.europa.eu/commission/sites/beta-political/files/data-protection-factsheet-changes_en.pdf},
    author = {{European Commission}},
}

@book{franks2019cult,
  title={The Cult of the Constitution},
  author={Franks, Mary Anne},
  year={2019},
  publisher={Stanford University Press},
  address={Palo Alto, CA, USA}
}

@book{benkler2006wealth,
  title={The Wealth of Networks: How Social Production Transforms Markets and Freedom},
  author={Benkler, Yochai},
  year={2006},
  publisher={Yale University Press},
  address={New Haven, CT, USA}
}

@incollection{morningstar1991habitat,
author = {Morningstar, Chip and Farmer, F Randall},
booktitle = {Cyberspace: First Steps},
editor = {Benedikt, Michael},
pages = {273--301},
title = {{The Lessons of Lucasfilm's Habitat}},
publisher = {MIT Press},
address = {Cambridge, MA, USA},
year = {1991}
}

@book{ostrom2010future,
  title={The Future of the Commons},
  author={Ostrom, Elinor},
  year={2010},
  publisher={Institute of Economic Affairs},
  address={London, England, UK}
}

@book{ostrom2005understanding,
  title={Understanding institutional diversity},
  author={Ostrom, Elinor},
  year={2005},
  publisher={Princeton university press},
  address={Princeton, NJ, USA}
}

@article{frey2019participatory,
author = {Frey, Seth and Krafft, P. M. and Keegan, Brian C.},
title = {``This Place Does What It Was Built For'': Designing Digital Institutions for Participatory Change},
year = {2019},
issue_date = {November 2019},
publisher = {Association for Computing Machinery},
address = {New York, NY, USA},
volume = {3},
number = {CSCW},
url = {https://doi.org/10.1145/3359134},
doi = {10.1145/3359134},
journal = {Proc. ACM Hum.-Comput. Interact.},
month = nov,
articleno = {Article 32},
numpages = {31},
keywords = {computational social science, institutional design, institutional analysis, digital institutions, digital democracy, resource management, knowledge commons}
}
  
@book{zittrain2008future,
  title={The Future of the Internet And How to Stop It},
  author={Zittrain, Jonathan},
  year={2008},
  publisher={Yale University Press},
  address={New Haven, CT, USA}
}

@inproceedings{alkhatib2019street,
  title={Street-level algorithms: A theory at the gaps between policy and decisions},
  author={Alkhatib, Ali and Bernstein, Michael},
  booktitle={Proceedings of the 2019 CHI Conference on Human Factors in Computing Systems},
  pages={1--13},
  year={2019}
}

@article{seering2020reconsidering,
  title={Reconsidering Self-Moderation: the Role of Research in Supporting Community-Based Models for Online Content Moderation},
  author={Seering, Joseph},
  journal={Proceedings of the ACM on Human-Computer Interaction},
  volume={4},
  number={CSCW2},
  pages={1--28},
  year={2020},
  publisher={ACM New York, NY, USA}
}

@inproceedings{zhang2020policykit,
  title={PolicyKit: Building Governance in Online Communities},
  author={Zhang, Amy X and Hugh, Grant and Bernstein, Michael S},
  booktitle={Proceedings of the 33rd Annual ACM Symposium on User Interface Software and Technology},
  pages={365--378},
  year={2020}
}

@article{chandrasekharan2020quarantined,
  title={Quarantined! Examining the Effects of a Community-Wide Moderation Intervention on Reddit},
  author={Chandrasekharan, Eshwar and Jhaver, Shagun and Bruckman, Amy and Gilbert, Eric},
  journal={arXiv preprint arXiv:2009.11483},
  year={2020}
}

@misc{facebook_scandal, 
    title={Whistleblower: Facebook is misleading the public on progress against hate speech, violence, misinformation}, 
    url={https://www.cbsnews.com/news/facebook-whistleblower-frances-haugen-misinformation-public-60-minutes-2021-10-03/},  
    author={Scott Pelley}, 
    year={2021}
}

@article{facebook_scandal_2,
  title={Facebook encourages hate speech for profit, says whistleblower},
  author={Cranz, Alex and Brandom, Russell},
  journal={The Verge},
  year={2021}
}

@misc{pew_harassment_results, 
    title={The State of Online Harassment}, 
    url={https://www.pewresearch.org/internet/2021/01/13/the-state-of-online-harassment/},  
    author={Emily Vogels}, 
    year={2021}
}

@article{vitak_harassment,
  title={Identifying Women's Experiences With and Strategies for Mitigating Negative Effects of Online Harassment},
  author={Jessican Vitak and Kalyani Chadha and Linda Steiner and Zahra Ashktorab},
  journal={Proceedings of the 2017 ACM Conference on Computer Supported Cooperative Work and Social Computing},
  number={CSCW},
  pages={1231–1245},
  year={2017},
  publisher={ACM New York, NY, USA}
}

@article{bor_hostility,
  title={The Psychology of Online Political Hostility: A Comprehensive, Cross-National Test of the Mismatch Hypothesis},
  author={Alexander Bor and Michael Petersen},
  journal={American Political Science Review},
  number={APSR},
  year={2021},
  publisher={Cambridge University Press}
}

@misc{twitch_transparency_report, 
    title={Transparency Report}, 
    url={https://safety.twitch.tv/s/article/Transparency-Reports?language=en_US},  
    author={Twitch}, 
    year={2021}
}

@article{buckels2014trolls,
  title={Trolls just want to have fun},
  author={Buckels, Erin E and Trapnell, Paul D and Paulhus, Delroy L},
  journal={Personality and individual Differences},
  volume={67},
  pages={97--102},
  year={2014},
  publisher={Elsevier}
}

@article{varjas2010high,
  title={High school students’ perceptions of motivations for cyberbullying: An exploratory study},
  author={Varjas, Kris and Talley, Jasmaine and Meyers, Joel and Parris, Leandra and Cutts, Hayley},
  journal={Western Journal of Emergency Medicine},
  volume={11},
  number={3},
  pages={269},
  year={2010},
  publisher={California Chapter of the American Academy of Emergency Medicine (Cal/AAEM)}
}

@article{shachaf2010beyond,
  title={Beyond vandalism: Wikipedia trolls},
  author={Shachaf, Pnina and Hara, Noriko},
  journal={Journal of Information Science},
  volume={36},
  number={3},
  pages={357--370},
  year={2010},
  publisher={Sage Publications Sage UK: London, England}
}

@article{bor_petersen_2021, title={The Psychology of Online Political Hostility: A Comprehensive, Cross-National Test of the Mismatch Hypothesis}, DOI={10.1017/S0003055421000885}, journal={American Political Science Review}, publisher={Cambridge University Press}, author={BOR, ALEXANDER and PETERSEN, MICHAEL BANG}, year={2021}, pages={1–18}}

@article{zhang2018conversations,
  title={Conversations gone awry: Detecting early signs of conversational failure},
  author={Zhang, Justine and Chang, Jonathan P and Danescu-Niculescu-Mizil, Cristian and Dixon, Lucas and Hua, Yiqing and Thain, Nithum and Taraborelli, Dario},
  journal={arXiv preprint arXiv:1805.05345},
  year={2018}
}

@inproceedings{chang2020don,
  title={Don’t let me be misunderstood: Comparing intentions and perceptions in online discussions},
  author={Chang, Jonathan P and Cheng, Justin and Danescu-Niculescu-Mizil, Cristian},
  booktitle={Proceedings of The Web Conference 2020},
  pages={2066--2077},
  year={2020}
}


@article{Oliva2020,
  title={Fighting Hate Speech, Silencing Drag Queens? Artificial Intelligence in Content Moderation and Risks to LGBTQ Voices Online},
  author={Thiago Dias Oliva and Dennys Marcelo Antonialli and Alessandra Gomes},
  journal={Sexuality \& Culture},
  year={2020},
  publisher={Springer}
}

@article{Kiene2019,
  title={Volunteer work: Mapping the future of moderation research},
  author={Charles Kiene and Kenny Shores and Eshwar Chandrasekharan and Shagun Jhaver and Jialun Jiang and Brianna Dym and Joseph Seering and Sarah Gilbert and Kat Lo and Donghee Yvette Wohn and Bryan Dosono},
  journal={Conference Companion Publication of the 2019 on Computer Supported Cooperative Work and Social Computing},
  year={2019},
  publisher={ACM}
}

@article{Wohn2019,
  title={Volunteer Moderators in Twitch Micro Communities: How They Get Involved, the Roles They Play, and the Emotional Labor They Experience},
  author={Donghee Yvette Wohn},
  journal={Proceedings of the 2019 CHI Conference on Human Factors in Computing Systems},
  year={2019},
  publisher={ACM}
}

@article{Matias2016,
  title={Going dark: Social factors in collective action against platform operators in the Reddit blackout},
  author={J. Nathan Matias},
  journal={Proceedings of the 2016 CHI Conference on Human Factors in Computing Systems},
  year={2016},
  publisher={ACM}
}

@article{Gilbert2020,
  title={“I run the world’s largest historical outreach project and it’s on a cesspool of a website.” Moderating a public scholarship site on Reddit: A case study of r/AskHistorians},
  author={Gilbert, Sarah},
  journal={Proceedings of the ACM on Human-Computer Interaction},
  year={2020},
  publisher={ACM}
}