@article{xu2017collective,
  title={Collective benefits in traffic during mega events via the use of information technologies},
  author={Xu, Yanyan and Gonz{\'a}lez, Marta C},
  journal={Journal of The Royal Society Interface},
  volume={14},
  number={129},
  pages={20161041},
  year={2017},
  publisher={The Royal Society}
}

@article{alessandretti2018evidence,
  title={Evidence for a conserved quantity in human mobility},
  author={Alessandretti, Laura and Sapiezynski, Piotr and Sekara, Vedran and Lehmann, Sune and Baronchelli, Andrea},
  journal={Nature human behaviour},
  volume={2},
  number={7},
  pages={485--491},
  year={2018},
  publisher={Nature Publishing Group}
}

@article{gonzalez2008understanding,
  title={Understanding individual human mobility patterns},
  author={Gonzalez, Marta C and Hidalgo, Cesar A and Barabasi, Albert-Laszlo},
  journal={nature},
  volume={453},
  number={7196},
  pages={779--782},
  year={2008},
  publisher={Nature publishing group}
}

@article{jiang2016timegeo,
  title={The TimeGeo modeling framework for urban mobility without travel surveys},
  author={Jiang, Shan and Yang, Yingxiang and Gupta, Siddharth and Veneziano, Daniele and Athavale, Shounak and Gonz{\'a}lez, Marta C},
  journal={Proceedings of the National Academy of Sciences},
  volume={113},
  number={37},
  pages={E5370--E5378},
  year={2016},
  publisher={National Acad Sciences}
}

@article{ccolak2016understanding,
  title={Understanding congested travel in urban areas},
  author={{\c{C}}olak, Serdar and Lima, Antonio and Gonz{\'a}lez, Marta C},
  journal={Nature Communications},
  volume={7},
  number={1},
  pages={1--8},
  year={2016},
  publisher={Nature Publishing Group}
}

@article{olmos2018macroscopic,
  title={Macroscopic dynamics and the collapse of urban traffic},
  author={Olmos, Luis E and {\c{C}}olak, Serdar and Shafiei, Sajjad and Saberi, Meead and Gonz{\'a}lez, Marta C},
  journal={Proceedings of the National Academy of Sciences},
  volume={115},
  number={50},
  pages={12654--12661},
  year={2018},
  publisher={National Acad Sciences}
}

@article{xu2021understanding,
  title={Understanding vehicular routing behavior with location-based service data},
  author={Xu, Yanyan and Di Clemente, Riccardo and Gonz{\'a}lez, Marta C},
  journal={EPJ Data Science},
  volume={10},
  number={1},
  pages={1--17},
  year={2021},
  publisher={Springer}
}

@inproceedings{alhasoun2017city,
  title={City scale next place prediction from sparse data through similar strangers},
  author={Alhasoun, Fahad and Alhazzani, May and Aleissa, Faisal and Alnasser, Riyadh and Gonz{\'a}lez, Marta},
  booktitle={Proceedings of ACM KDD Workshop},
  pages={191--196},
  year={2017}
}

@article{tizzoni2014use,
  title={On the use of human mobility proxies for modeling epidemics},
  author={Tizzoni, Michele and Bajardi, Paolo and Decuyper, Adeline and King, Guillaume Kon Kam and Schneider, Christian M and Blondel, Vincent and Smoreda, Zbigniew and Gonz{\'a}lez, Marta C and Colizza, Vittoria},
  journal={PLoS Comput Biol},
  volume={10},
  number={7},
  pages={e1003716},
  year={2014},
  publisher={Public Library of Science}
}

@article{chang2020mobility,
  title={Mobility network models of COVID-19 explain inequities and inform reopening},
  author={Chang, Serina and Pierson, Emma and Koh, Pang Wei and Gerardin, Jaline and Redbird, Beth and Grusky, David and Leskovec, Jure},
  journal={Nature},
  pages={1--8},
  year={2020},
  publisher={Nature Publishing Group}
}

@article{schneider2013unravelling,
  title={Unravelling daily human mobility motifs},
  author={Schneider, Christian M and Belik, Vitaly and Couronn{\'e}, Thomas and Smoreda, Zbigniew and Gonz{\'a}lez, Marta C},
  journal={Journal of The Royal Society Interface},
  volume={10},
  number={84},
  pages={20130246},
  year={2013},
  publisher={The Royal Society}
}
@article{xu2018planning,
  title={Planning for electric vehicle needs by coupling charging profiles with urban mobility},
  author={Xu, Yanyan and {\c{C}}olak, Serdar and Kara, Emre C and Moura, Scott J and Gonz{\'a}lez, Marta C},
  journal={Nature Energy},
  volume={3},
  pages={484--493},
  year={2018},
  publisher={Nature Publishing Group}
}

@article{xu2019unraveling,
  title={{Unraveling environmental justice in ambient PM$_{2.5}$ exposure in Beijing: A big data approach}},
  author={Xu, Yanyan and Jiang, Shan and Li, Ruiqi and Zhang, Jiang and Zhao, Jinhua and Abbar, Sofiane and Gonz{\'a}lez, Marta C},
  journal={Computers, Environment and Urban Systems},
  volume={75},
  pages={12--21},
  year={2019},
  publisher={Elsevier}
}

@article{xu2020deconstructing,
  title={Deconstructing laws of accessibility and facility distribution in cities},
  author={Xu, Yanyan and Olmos, Luis E and Abbar, Sofiane and Gonz{\'a}lez, Marta C},
  journal={Science advances},
  volume={6},
  number={37},
  pages={eabb4112},
  year={2020},
  publisher={American Association for the Advancement of Science}
}








@article{song2010limits,
  title={Limits of predictability in human mobility},
  author={Song, Chaoming and Qu, Zehui and Blumm, Nicholas and Barab{\'a}si, Albert-L{\'a}szl{\'o}},
  journal={Science},
  volume={327},
  number={5968},
  pages={1018--1021},
  year={2010},
  publisher={American Association for the Advancement of Science}
}

@inproceedings{rendle2010factorizing,
  title={Factorizing personalized markov chains for next-basket recommendation},
  author={Rendle, Steffen and Freudenthaler, Christoph and Schmidt-Thieme, Lars},
  booktitle={Proceedings of the 19th international conference on world wide web},
  pages={811--820},
  year={2010}
}

@inproceedings{liu2016predicting,
  title={Predicting the next location: A recurrent model with spatial and temporal contexts},
  author={Liu, Qiang and Wu, Shu and Wang, Liang and Tan, Tieniu},
  booktitle={Proceedings of the AAAI Conference on Artificial Intelligence},
  volume={30},
  number={1},
  year={2016}
}


@inproceedings{li2018next,
  title={Next point-of-interest recommendation with temporal and multi-level context attention},
  author={Li, Ranzhen and Shen, Yanyan and Zhu, Yanmin},
  booktitle={2018 IEEE International Conference on Data Mining (ICDM)},
  pages={1110--1115},
  year={2018},
  organization={IEEE}
}

@inproceedings{manotumruksa2018contextual,
  title={A contextual attention recurrent architecture for context-aware venue recommendation},
  author={Manotumruksa, Jarana and Macdonald, Craig and Ounis, Iadh},
  booktitle={The 41st International ACM SIGIR Conference on Research \& Development in Information Retrieval},
  pages={555--564},
  year={2018}
}

@inproceedings{lu2020vgcn,
  title={VGCN-BERT: augmenting BERT with graph embedding for text classification},
  author={Lu, Zhibin and Du, Pan and Nie, Jian-Yun},
  booktitle={European Conference on Information Retrieval},
  pages={369--382},
  year={2020},
  organization={Springer}
}

@inproceedings{yang2019deep,
  title={Deep clustering by gaussian mixture variational autoencoders with graph embedding},
  author={Yang, Linxiao and Cheung, Ngai-Man and Li, Jiaying and Fang, Jun},
  booktitle={Proceedings of the IEEE/CVF International Conference on Computer Vision},
  pages={6440--6449},
  year={2019}
}

@inproceedings{ding2019deep,
  title={Deep anomaly detection on attributed networks},
  author={Ding, Kaize and Li, Jundong and Bhanushali, Rohit and Liu, Huan},
  booktitle={Proceedings of the 2019 SIAM International Conference on Data Mining},
  pages={594--602},
  year={2019},
  organization={SIAM}
}

@inproceedings{khazane2019deeptrax,
  title={Deeptrax: Embedding graphs of financial transactions},
  author={Khazane, Anish and Rider, Jonathan and Serpe, Max and Gogoglou, Antonia and Hines, Keegan and Bruss, C Bayan and Serpe, Richard},
  booktitle={2019 18th IEEE International Conference On Machine Learning And Applications (ICMLA)},
  pages={126--133},
  year={2019},
  organization={IEEE}
}

@article{wu2019graph,
  title={Graph wavenet for deep spatial-temporal graph modeling},
  author={Wu, Zonghan and Pan, Shirui and Long, Guodong and Jiang, Jing and Zhang, Chengqi},
  journal={arXiv preprint arXiv:1906.00121},
  year={2019}
}

@article{liang2020learning,
  title={Learning Social Relations and Spatiotemporal Trajectories for Next Check-in Inference},
  author={Liang, Wenwei and Zhang, Wei},
  journal={IEEE Transactions on Neural Networks and Learning Systems},
  year={2020},
  publisher={IEEE}
}
@inproceedings{lian2020geography,
  title={Geography-aware sequential location recommendation},
  author={Lian, Defu and Wu, Yongji and Ge, Yong and Xie, Xing and Chen, Enhong},
  booktitle={Proceedings of the 26th ACM SIGKDD International Conference on Knowledge Discovery \& Data Mining},
  pages={2009--2019},
  year={2020}
}

@inproceedings{feng2018deepmove,
  title={Deepmove: Predicting human mobility with attentional recurrent networks},
  author={Feng, Jie and Li, Yong and Zhang, Chao and Sun, Funing and Meng, Fanchao and Guo, Ang and Jin, Depeng},
  booktitle={Proceedings of the 2018 world wide web conference},
  pages={1459--1468},
  year={2018}
}

@inproceedings{manotumruksa2017deep,
  title={A deep recurrent collaborative filtering framework for venue recommendation},
  author={Manotumruksa, Jarana and Macdonald, Craig and Ounis, Iadh},
  booktitle={Proceedings of the 2017 ACM on Conference on Information and Knowledge Management},
  pages={1429--1438},
  year={2017}
}

@inproceedings{sun2020go,
  title={Where to go next: Modeling long-and short-term user preferences for point-of-interest recommendation},
  author={Sun, Ke and Qian, Tieyun and Chen, Tong and Liang, Yile and Nguyen, Quoc Viet Hung and Yin, Hongzhi},
  booktitle={Proceedings of the AAAI Conference on Artificial Intelligence},
  volume={34},
  number={01},
  pages={214--221},
  year={2020}
}

@inproceedings{feng2015personalized,
  title={Personalized ranking metric embedding for next new poi recommendation},
  author={Feng, Shanshan and Li, Xutao and Zeng, Yifeng and Cong, Gao and Chee, Yeow Meng},
  booktitle={IJCAI'15 Proceedings of the 24th International Conference on Artificial Intelligence},
  pages={2069--2075},
  year={2015}
 }

@inproceedings{lan2019travel,
  title={Travel time estimation without road networks: an urban morphological layout representation approach},
  author={Lan, Wuwei and Xu, Yanyan and Zhao, Bin},
  booktitle={Twenty-Eighth International Joint Conferences on Artifical Intelligence (IJCAI)},
  pages={1772--1778},
  year={2019}
  }

@inproceedings{cheng2013you,
  title={Where you like to go next: Successive point-of-interest recommendation},
  author={Cheng, Chen and Yang, Haiqin and Lyu, Michael R and King, Irwin},
  booktitle={Twenty-Third international joint conference on Artificial Intelligence},
  year={2013}
}

@article{zhao2020go,
  title={Where to go next: A spatio-temporal gated network for next poi recommendation},
  author={Zhao, Pengpeng and Luo, Anjing and Liu, Yanchi and Zhuang, Fuzhen and Xu, Jiajie and Li, Zhixu and Sheng, Victor S and Zhou, Xiaofang},
  journal={IEEE Transactions on Knowledge and Data Engineering},
  year={2020},
  publisher={IEEE}
}

@inproceedings{yao2017serm,
  title={Serm: A recurrent model for next location prediction in semantic trajectories},
  author={Yao, Di and Zhang, Chao and Huang, Jianhui and Bi, Jingping},
  booktitle={Proceedings of the 2017 ACM on Conference on Information and Knowledge Management},
  pages={2411--2414},
  year={2017}
}

@inproceedings{gao2019predicting,
  title={Predicting human mobility via variational attention},
  author={Gao, Qiang and Zhou, Fan and Trajcevski, Goce and Zhang, Kunpeng and Zhong, Ting and Zhang, Fengli},
  booktitle={The World Wide Web Conference},
  pages={2750--2756},
  year={2019}
}

@article{wu2020personalized,
  title={Personalized long-and short-term preference learning for next POI recommendation},
  author={Wu, Yuxia and Li, Ke and Zhao, Guoshuai and Xueming, QIAN},
  journal={IEEE Transactions on Knowledge and Data Engineering},
  year={2020},
  publisher={IEEE}
}

@article{chen2020next,
  title={Next Location Prediction with a Graph Convolutional Network Based on a Seq2seq Framework},
  author={Chen, Jianwei and Li, Jianbo and Ahmed, Manzoor and Pang, Junjie and Lu, Minchao and Sun, Xiufang},
  journal={KSII Transactions on Internet and Information Systems (TIIS)},
  volume={14},
  number={5},
  pages={1909--1928},
  year={2020},
  publisher={Korean Society for Internet Information}
}
@inproceedings{grover2016node2vec,
  title={node2vec: Scalable feature learning for networks},
  author={Grover, Aditya and Leskovec, Jure},
  booktitle={Proceedings of the 22nd ACM SIGKDD international conference on Knowledge discovery and data mining},
  pages={855--864},
  year={2016}
}

@inproceedings{zhang2019multi,
  title={Multi-Task Learning for Location Prediction with Deep Multi-Model Ensembles},
  author={Zhang, Rui and Guo, Jiming and Jiang, Hongbo and Xie, Peng and Wang, Chen},
  booktitle={2019 IEEE 21st International Conference on High Performance Computing and Communications; IEEE 17th International Conference on Smart City; IEEE 5th International Conference on Data Science and Systems (HPCC/SmartCity/DSS)},
  pages={1093--1100},
  year={2019},
  organization={IEEE}
}

@inproceedings{zhou2019deep,
  title={Deep interest evolution network for click-through rate prediction},
  author={Zhou, Guorui and Mou, Na and Fan, Ying and Pi, Qi and Bian, Weijie and Zhou, Chang and Zhu, Xiaoqiang and Gai, Kun},
  booktitle={Proceedings of the AAAI conference on artificial intelligence},
  volume={33},
  number={01},
  pages={5941--5948},
  year={2019}
}


@article{chen2020predicting,
  title={Predicting Human Mobility via Long Short-Term Patterns},
  author={Chen, Jianwei and Li, Jianbo and Li, Ying},
  journal={Computer Modeling in Engineering \& Sciences},
  volume={124},
  number={3},
  pages={847--864},
  year={2020},
  publisher={Tech Science Press}
}

@inproceedings{wu2019long,
  title={Long-and short-term preference learning for next POI recommendation},
  author={Wu, Yuxia and Li, Ke and Zhao, Guoshuai and Qian, Xueming},
  booktitle={Proceedings of the 28th ACM international conference on information and knowledge management},
  pages={2301--2304},
  year={2019}
}

@inproceedings{jiang2020predicting,
  title={Predicting Human Mobility with Self-attention and Feature Interaction},
  author={Jiang, Jingang and Tao, Shuo and Lian, Defu and Huang, Zhenya and Chen, Enhong},
  booktitle={Asia-Pacific Web (APWeb) and Web-Age Information Management (WAIM) Joint International Conference on Web and Big Data},
  pages={117--131},
  year={2020},
  organization={Springer}
}

@article{huang2015bidirectional,
  title={Bidirectional LSTM-CRF models for sequence tagging},
  author={Huang, Zhiheng and Xu, Wei and Yu, Kai},
  journal={arXiv preprint arXiv:1508.01991},
  year={2015}
}


@inproceedings{guo2020attentional,
  title={An attentional recurrent neural network for personalized next location recommendation},
  author={Guo, Qing and Sun, Zhu and Zhang, Jie and Theng, Yin-Leng},
  booktitle={Proceedings of the AAAI Conference on Artificial Intelligence},
  volume={34},
  number={01},
  pages={83--90},
  year={2020}
}

@article{zhang2020next,
  title={Next: a neural network framework for next poi recommendation},
  author={Zhang, Zhiqian and Li, Chenliang and Wu, Zhiyong and Sun, Aixin and Ye, Dengpan and Luo, Xiangyang},
  journal={Frontiers of Computer Science},
  volume={14},
  number={2},
  pages={314--333},
  year={2020},
  publisher={Springer}
}

@article{zhang2020modeling,
  title={Modeling hierarchical category transition for next POI recommendation with uncertain check-ins},
  author={Zhang, Lu and Sun, Zhu and Zhang, Jie and Kloeden, Horst and Klanner, Felix},
  journal={Information Sciences},
  volume={515},
  pages={169--190},
  year={2020},
  publisher={Elsevier}
}