% Please download the latest anthology.bib from
%
% http://aclweb.org/anthology/anthology.bib.gz
@inproceedings{vaswani2017attention,
  title={Attention is all you need},
  author={Vaswani, Ashish and Shazeer, Noam and Parmar, Niki and Uszkoreit, Jakob and Jones, Llion and Gomez, Aidan N and Kaiser, {\L}ukasz and Polosukhin, Illia},
  booktitle={Proceedings of the 31st International Conference on Neural Information Processing Systems},
  pages={6000--6010},
  year={2017}
}
@article{bert_whitening,
  title={Whitening sentence representations for better semantics and faster retrieval},
  author={Su, Jianlin and Cao, Jiarun and Liu, Weijie and Ou, Yangyiwen},
  journal={arXiv preprint arXiv:2103.15316},
  year={2021}
}
@article{bm25,
  title={The Probabilistic Relevance Framework: BM25 and Beyond},
  author={Robertson, Stephen and Zaragoza, Hugo},
  journal={Information Retrieval},
  volume={3},
  number={4},
  pages={333--389},
  year={2009}
}
@inproceedings{semeval2016,
  title={SemEval-2016 Task 1: Semantic Textual Similarity, Monolingual and Cross-Lingual Evaluation},
  author={Agirre, Eneko and Banea, Carmen and Cer, Daniel and Diab, Mona and Gonz{\'a}lez-Agirre, Aitor and Mihalcea, Rada and Rigau, German and Wiebe, Janyce},
  booktitle={Proceedings of the 10th International Workshop on Semantic Evaluation (SemEval-2016)},
  pages={497--511},
  year={2016}
}
@inproceedings{asku,
  title={Semi-supervised Question Retrieval with Gated Convolutions},
  author={Lei, Tao and Joshi, Hrishikesh and Barzilay, Regina and Jaakkola, Tommi and Tymoshenko, Kateryna and Moschitti, Alessandro and M{\`a}rquez, Llu{\'\i}s},
  booktitle={Proceedings of the 2016 Conference of the North American Chapter of the Association for Computational Linguistics: Human Language Technologies},
  pages={1279--1289},
  year={2016}
}
@inproceedings{edc,
  title={Modeling Multi-turn Conversation with Deep Utterance Aggregation},
  author={Zhang, Zhuosheng and Li, Jiangtong and Zhu, Pengfei and Zhao, Hai and Liu, Gongshen},
  booktitle={Proceedings of the 27th International Conference on Computational Linguistics},
  pages={3740--3752},
  year={2018}
}

@inproceedings{skip_thought,
  title={Skip-Thought Vectors},
  author={Kiros, Ryan and Zhu, Yukun and Salakhutdinov, Ruslan and Zemel, Richard S and Urtasun, Raquel and Torralba, Antonio and Fidler, Sanja},
  booktitle={Advances in neural information processing systems.},
  pages={3294––3302},
  year={2015}
}

@inproceedings{fast_sent,
  title={Learning Distributed Representations of Sentences from Unlabelled Data},
  author={Hill, Felix and Cho, Kyunghyun and Korhonen, Anna},
  booktitle={Proceedings of the 2016 Conference of the North American Chapter of the Association for Computational Linguistics: Human Language Technologies},
  pages={1367--1377},
  year={2016}
}
@inproceedings{infer_sent,
  title={Supervised Learning of Universal Sentence Representations from Natural Language Inference Data},
  author={Conneau, Alexis and Kiela, Douwe and Schwenk, Holger and Barrault, Lo{\"\i}c and Bordes, Antoine},
  booktitle={Proceedings of the 2017 Conference on Empirical Methods in Natural Language Processing},
  pages={670--680},
  year={2017}
}
@inproceedings{use,
  title={Universal Sentence Encoder for English},
  author={Cer, Daniel and Yang, Yinfei and Kong, Sheng-yi and Hua, Nan and Limtiaco, Nicole and John, Rhomni St and Constant, Noah and Guajardo-Cespedes, Mario and Yuan, Steve and Tar, Chris and others},
  booktitle={Proceedings of the 2018 Conference on Empirical Methods in Natural Language Processing: System Demonstrations},
  pages={169--174},
  year={2018}
}
@inproceedings{snli,
  title={A large annotated corpus for learning natural language inference},
  author={Bowman, Samuel and Angeli, Gabor and Potts, Christopher and Manning, Christopher D},
  booktitle={Proceedings of the 2015 Conference on Empirical Methods in Natural Language Processing},
  pages={632--642},
  year={2015}
}
@inproceedings{mnli,
  title={A Broad-Coverage Challenge Corpus for Sentence Understanding through Inference},
  author={Williams, Adina and Nangia, Nikita and Bowman, Samuel},
  booktitle={Proceedings of the 2018 Conference of the North American Chapter of the Association for Computational Linguistics: Human Language Technologies, Volume 1 (Long Papers)},
  pages={1112--1122},
  year={2018}
}
@inproceedings{quick_thought,
  title={An efficient framework for learning sentence representations},
  author={Logeswaran, Lajanugen and Lee, Honglak},
  booktitle={International Conference on Learning Representations},
  year={2018}
}
@inproceedings{co_dan,
  title={Learning Semantic Textual Similarity from Conversations},
  author={Yang, Yinfei and Yuan, Steve and Cer, Daniel and Kong, Sheng-yi and Constant, Noah and Pilar, Petr and Ge, Heming and Sung, Yun-Hsuan and Strope, Brian and Kurzweil, Ray},
  booktitle={Proceedings of The Third Workshop on Representation Learning for NLP},
  pages={164--174},
  year={2018}
}
@inproceedings{sent_bert,
  title={Sentence-BERT: Sentence Embeddings using Siamese BERT-Networks},
  author={Reimers, Nils and Gurevych, Iryna},
  booktitle={Proceedings of the 2019 Conference on Empirical Methods in Natural Language Processing and the 9th International Joint Conference on Natural Language Processing (EMNLP-IJCNLP)},
  pages={3973--3983},
  year={2019}
}
@inproceedings{bert,
  title={BERT: Pre-training of Deep Bidirectional Transformers for Language Understanding},
  author={Devlin, Jacob and Chang, Ming-Wei and Lee, Kenton and Toutanova, Kristina},
  booktitle={Proceedings of the 2019 Conference of the North American Chapter of the Association for Computational Linguistics: Human Language Technologies, Volume 1 (Long and Short Papers)},
  pages={4171--4186},
  year={2019}
}
@article{gpt_2,
  title={Language models are unsupervised multitask learners},
  author={Radford, Alec and Wu, Jeffrey and Child, Rewon and Luan, David and Amodei, Dario and Sutskever, Ilya}
}
@inproceedings{bert_flow,
  title={On the Sentence Embeddings from Pre-trained Language Models},
  author={Li, Bohan and Zhou, Hao and He, Junxian and Wang, Mingxuan and Yang, Yiming and Li, Lei},
  booktitle={Proceedings of the 2020 Conference on Empirical Methods in Natural Language Processing (EMNLP)},
  pages={9119--9130},
  year={2020}
}
@inproceedings{is_bert,
  title={An Unsupervised Sentence Embedding Method by Mutual Information Maximization},
  author={Zhang, Yan and He, Ruidan and Liu, Zuozhu and Lim, Kwan Hui and Bing, Lidong},
  booktitle={Proceedings of the 2020 Conference on Empirical Methods in Natural Language Processing (EMNLP)},
  pages={1601--1610},
  year={2020}
}
@inproceedings{convert,
  title={ConveRT: Efficient and Accurate Conversational Representations from Transformers},
  author={Henderson, Matthew and Casanueva, I{\~n}igo and Mrk{\v{s}}i{\'c}, Nikola and Su, Pei-Hao and Wen, Tsung-Hsien and Vuli{\'c}, Ivan},
  booktitle={Proceedings of the 2020 Conference on Empirical Methods in Natural Language Processing: Findings},
  pages={2161--2174},
  year={2020}
}
@inproceedings{sts_b,
  title={SemEval-2017 Task 1: Semantic Textual Similarity Multilingual and Crosslingual Focused Evaluation},
  author={Cer, Daniel and Diab, Mona and Agirre, Eneko and Lopez-Gazpio, I{\~n}igo and Specia, Lucia},
  booktitle={Proceedings of the 11th International Workshop on Semantic Evaluation (SemEval-2017)},
  pages={1--14},
  year={2017}
}
@inproceedings{jddc,
  title={The JDDC Corpus: A Large-Scale Multi-Turn Chinese Dialogue Dataset for E-commerce Customer Service},
  author={Chen, Meng and Liu, Ruixue and Shen, Lei and Yuan, Shaozu and Zhou, Jingyan and Wu, Youzheng and He, Xiaodong and Zhou, Bowen},
  booktitle={Proceedings of The 12th Language Resources and Evaluation Conference},
  pages={459--466},
  year={2020}
}
@inproceedings{udc,
  title={The Ubuntu Dialogue Corpus: A Large Dataset for Research in Unstructured Multi-Turn Dialogue Systems},
  author={Lowe, Ryan and Pow, Nissan and Serban, Iulian Vlad and Pineau, Joelle},
  booktitle={Proceedings of the 16th Annual Meeting of the Special Interest Group on Discourse and Dialogue},
  pages={285--294},
  year={2015}
}
@inproceedings{toronto,
  title={Aligning books and movies: Towards story-like visual explanations by watching movies and reading books},
  author={Zhu, Yukun and Kiros, Ryan and Zemel, Rich and Salakhutdinov, Ruslan and Urtasun, Raquel and Torralba, Antonio and Fidler, Sanja},
  booktitle={Proceedings of the IEEE international conference on computer vision},
  pages={19--27},
  year={2015}
}
@inproceedings{sick_r,
  title={A SICK cure for the evaluation of compositional distributional semantic models},
  author={Marelli, Marco and Menini, Stefano and Baroni, Marco and Bentivogli, Luisa and Bernardi, Raffaella and Zamparelli, Roberto},
  booktitle={Proceedings of the Ninth International Conference on Language Resources and Evaluation (LREC'14)},
  pages={216--223},
  year={2014}
}
@inproceedings{relu,
  title={Rectified linear units improve restricted boltzmann machines},
  author={Nair, Vinod and Hinton, Geoffrey E},
  booktitle={Proceedings of the 27th International Conference on International Conference on Machine Learning},
  pages={807--814},
  year={2010}
}
@inproceedings{bert_dapt,
  title={Don’t Stop Pretraining: Adapt Language Models to Domains and Tasks},
  author={Gururangan, Suchin and Marasovi{\'c}, Ana and Swayamdipta, Swabha and Lo, Kyle and Beltagy, Iz and Downey, Doug and Smith, Noah A},
  booktitle={Proceedings of the 58th Annual Meeting of the Association for Computational Linguistics},
  pages={8342--8360},
  year={2020}
}
@article{reddit,
  title={Conversational Contextual Cues: The Case of Personalization and History for Response Ranking},
  author={Al-Rfou, Rami and Pickett, Marc and Snaider, Javier and Sung, Yun-hsuan and Strope, Brian and Kurzweil, Ray},
  journal={arXiv e-prints},
  pages={arXiv--1606},
  year={2016}
}
@article{mdc,
  title={Microsoft Dialogue Challenge: Building End-to-End Task-Completion Dialogue Systems},
  author={Li, Xiujun and Wang, Yu and Sun, Siqi and Panda, Sarah and Liu, Jingjing and Gao, Jianfeng},
  journal={arXiv e-prints},
  pages={arXiv--1807},
  year={2018}
}
%
% 
% 
@book{Aho:72,
    author  = {Alfred V. Aho and Jeffrey D. Ullman},
    title   = {The Theory of Parsing, Translation and Compiling},
    year    = "1972",
    volume  = "1",
    publisher = {Prentice-Hall},
    address = {Englewood Cliffs, NJ}
}

@book{APA:83,
    author  = {{American Psychological Association}},
    title   = {Publications Manual},
    year    = "1983",
   publisher = {American Psychological Association},
   address = {Washington, DC}
}

@article{Chandra:81,
	author = {Ashok K. Chandra and Dexter C. Kozen and Larry J. Stockmeyer},
	year = "1981",
	title = {Alternation},
	journal = {Journal of the Association for Computing Machinery},
	volume = "28",
	number = "1",
	pages = "114--133",
	doi = "10.1145/322234.322243",
}

@inproceedings{andrew2007scalable,
  title={Scalable training of {L1}-regularized log-linear models},
  author={Andrew, Galen and Gao, Jianfeng},
  booktitle={Proceedings of the 24th International Conference on Machine Learning},
  pages={33--40},
  year={2007},
}

@book{Gusfield:97,
    author  = {Dan Gusfield},
    title   = {Algorithms on Strings, Trees and Sequences},
    year    = "1997",
    publisher = {Cambridge University Press},
    address = {Cambridge, UK}
}

@article{rasooli-tetrault-2015,
    author    = {Mohammad Sadegh Rasooli and Joel R. Tetreault},
    title     = {Yara Parser: {A} Fast and Accurate Dependency Parser},
    journal   = {Computing Research Repository},
    volume    = {arXiv:1503.06733},
    year      = {2015},
    url       = {http://arxiv.org/abs/1503.06733},
    note    = {version 2}
}

@article{Ando2005,
	Acmid = {1194905},
	Author = {Ando, Rie Kubota and Zhang, Tong},
	Issn = {1532-4435},
	Issue_Date = {12/1/2005},
	Journal = {Journal of Machine Learning Research},
	Month = dec,
	Numpages = {37},
	Pages = {1817--1853},
	Publisher = {JMLR.org},
	Title = {A Framework for Learning Predictive Structures from Multiple Tasks and Unlabeled Data},
	Volume = {6},
	Year = {2005}
}

@inproceedings{Yang:2019,
  title={Simple and Effective Text Matching with Richer Alignment Features},
  author={Yang, Runqi and Zhang, Jianhai and Gao, Xing and Ji, Feng and Chen, Haiqing},
  booktitle={Proceedings of the 57th Annual Meeting of the Association for Computational Linguistics},
  pages={4699--4709},
  year={2019}
}

@article{mou2015natural,
  title={Natural language inference by tree-based convolution and heuristic matching},
  author={Mou, Lili and Men, Rui and Li, Ge and Xu, Yan and Zhang, Lu and Yan, Rui and Jin, Zhi},
  journal={arXiv preprint arXiv:1512.08422},
  year={2015}
}

@inproceedings{Lowe:2015,
  title={The {Ubuntu} Dialogue Corpus: A Large Dataset for Research in Unstructured Multi-Turn Dialogue Systems},
  author={Lowe, Ryan and Pow, Nissan and Serban, Iulian and Pineau, Joelle},
  booktitle={Proceedings of the 16th Annual Meeting of the Special Interest Group on Discourse and Dialogue},
  pages={285--294},
  year={2015}
}

@inproceedings{tao2019one,
  title={One time of interaction may not be enough: Go deep with an interaction-over-interaction network for response selection in dialogues},
  author={Tao, Chongyang and Wu, Wei and Xu, Can and Hu, Wenpeng and Zhao, Dongyan and Yan, Rui},
  booktitle={Proceedings of the 57th Annual Meeting of the Association for Computational Linguistics},
  pages={1--11},
  year={2019}
}

@article{wu2020clear,
  title={CLEAR: Contrastive Learning for Sentence Representation},
  author={Wu, Zhuofeng and Wang, Sinong and Gu, Jiatao and Khabsa, Madian and Sun, Fei and Ma, Hao},
  journal={arXiv preprint arXiv:2012.15466},
  year={2020}
}

@article{wang2018glue,
  title={GLUE: A multi-task benchmark and analysis platform for natural language understanding},
  author={Wang, Alex and Singh, Amanpreet and Michael, Julian and Hill, Felix and Levy, Omer and Bowman, Samuel R},
  journal={arXiv preprint arXiv:1804.07461},
  year={2018}
}

@article{conneau2018senteval,
  title={Senteval: An evaluation toolkit for universal sentence representations},
  author={Conneau, Alexis and Kiela, Douwe},
  journal={arXiv preprint arXiv:1803.05449},
  year={2018}
}

@article{meng2021coco,
  title={Coco-lm: Correcting and contrasting text sequences for language model pretraining},
  author={Meng, Yu and Xiong, Chenyan and Bajaj, Payal and Tiwary, Saurabh and Bennett, Paul and Han, Jiawei and Song, Xia},
  journal={arXiv preprint arXiv:2102.08473},
  year={2021}
}

@article{henderson2017efficient,
  title={Efficient natural language response suggestion for smart reply},
  author={Henderson, Matthew and Al-Rfou, Rami and Strope, Brian and Sung, Yun-Hsuan and Luk{\'a}cs, L{\'a}szl{\'o} and Guo, Ruiqi and Kumar, Sanjiv and Miklos, Balint and Kurzweil, Ray},
  journal={arXiv preprint arXiv:1705.00652},
  year={2017}
}

@article{gao2021simcse,
  title={SimCSE: Simple Contrastive Learning of Sentence Embeddings},
  author={Gao, Tianyu and Yao, Xingcheng and Chen, Danqi},
  journal={arXiv preprint arXiv:2104.08821},
  year={2021}
}

@article{oord2018representation,
  title={Representation learning with contrastive predictive coding},
  author={Oord, Aaron van den and Li, Yazhe and Vinyals, Oriol},
  journal={arXiv preprint arXiv:1807.03748},
  year={2018}
}

@inproceedings{abadi2016tensorflow,
  title={Tensorflow: A system for large-scale machine learning},
  author={Abadi, Mart{\'\i}n and Barham, Paul and Chen, Jianmin and Chen, Zhifeng and Davis, Andy and Dean, Jeffrey and Devin, Matthieu and Ghemawat, Sanjay and Irving, Geoffrey and Isard, Michael and others},
  booktitle={12th USENIX symposium on operating systems design and implementation (OSDI 16)},
  pages={265--283},
  year={2016}
}

@inproceedings{pennington2014glove,
  title={Glove: Global vectors for word representation},
  author={Pennington, Jeffrey and Socher, Richard and Manning, Christopher D},
  booktitle={Proceedings of the 2014 conference on empirical methods in natural language processing (EMNLP)},
  pages={1532--1543},
  year={2014}
}
