
@article{sawada_robust_2004,
	title = {A {Robust} and {Precise} {Method} for {Solving} the {Permutation} {Problem} of {Frequency}-{Domain} {Blind} {Source} {Separation}},
	volume = {12},
	issn = {1063-6676},
	url = {http://ieeexplore.ieee.org/document/1323089/},
	doi = {10.1109/TSA.2004.832994},
	language = {en},
	number = {5},
	urldate = {2020-11-24},
	journal = {IEEE Transactions on Speech and Audio Processing},
	author = {Sawada, Hiroshi and Mukai, Ryo and Araki, Shoko and Makino, Shoji},
	month = sep,
	year = {2004},
	pages = {530--538},
}


@article{mazur_approach_2009,
  title    = {An {Approach} for {Solving} the {Permutation} {Problem} of {Convolutive} {Blind} {Source} {Separation} {Based} on {Statistical} {Signal} {Models}},
  volume   = {17},
  issn     = {1558-7916},
  url      = {http://ieeexplore.ieee.org/document/4740156/},
  doi      = {10.1109/TASL.2008.2005349},
  language = {en},
  number   = {1},
  urldate  = {2020-11-24},
  journal  = {IEEE Transactions on Audio, Speech, and Language Processing},
  author   = {Mazur, Radoslaw and Mertins, Alfred},
  month    = jan,
  year     = {2009},
  pages    = {117--126}
}

@article{yilmaz_blind_2004,
  title    = {Blind {Separation} of {Speech} {Mixtures} via {Time}-{Frequency} {Masking}},
  volume   = {52},
  issn     = {1053-587X},
  url      = {http://ieeexplore.ieee.org/document/1306640/},
  doi      = {10.1109/TSP.2004.828896},
  language = {en},
  number   = {7},
  urldate  = {2020-12-19},
  journal  = {IEEE Transactions on Signal Processing},
  author={Yilmaz, Ozgur and Rickard, Scott},
  month    = jul,
  year     = {2004},
  pages    = {1830--1847}
}

@article{smaragdis_blind_1998,
  title    = {Blind separation of convolved mixtures in the frequency domain},
  volume   = {22},
  issn     = {0925-2312},
  url      = {https://www.sciencedirect.com/science/article/pii/S0925231298000472},
  doi      = {https://doi.org/10.1016/S0925-2312(98)00047-2},
  number   = {1},
  journal  = {Neurocomputing},
  author   = {Smaragdis, Paris},
  year     = {1998},
  pages    = {21--34}
}


@article{gannot_consolidated_2017,
  title    = {A {Consolidated} {Perspective} on {Multimicrophone} {Speech} {Enhancement} and {Source} {Separation}},
  volume   = {25},
  issn     = {2329-9290, 2329-9304},
  url      = {http://ieeexplore.ieee.org/document/7805139/},
  doi      = {10.1109/TASLP.2016.2647702},
  language = {en},
  number   = {4},
  urldate  = {2020-08-24},
  journal  = {IEEE/ACM Transactions on Audio, Speech, and Language Processing},
  author   = {Gannot, Sharon and Vincent, Emmanuel and Markovich-Golan, Shmulik and Ozerov, Alexey},
  month    = apr,
  year     = {2017},
  pages    = {692--730}
}


@article{winter_map-based_2006,
  title    = {{MAP}-{Based} {Underdetermined} {Blind} {Source} {Separation} of {Convolutive} {Mixtures} by {Hierarchical} {Clustering} and $l_1$-{Norm} {Minimization}},
  volume   = {2007},
  issn     = {1687-6180},
  url      = {https://asp-eurasipjournals.springeropen.com/articles/10.1155/2007/24717},
  doi      = {10.1155/2007/24717},
  language = {en},
  number   = {1},
  urldate  = {2020-12-19},
  journal  = {EURASIP Journal on Advances in Signal Processing},
  author   = {Winter, Stefan and Kellermann, Walter and Sawada, Hiroshi and Makino, Shoji},
  month    = dec,
  year     = {2006},
  pages    = {1--12}
}


@inproceedings{hershey_deep_2016,
  address    = {Shanghai},
  title      = {Deep clustering: {Discriminative} embeddings for segmentation and separation},
  isbn       = {978-1-4799-9988-0},
  shorttitle = {Deep clustering},
  url        = {http://ieeexplore.ieee.org/document/7471631/},
  doi        = {10.1109/ICASSP.2016.7471631},
  language   = {en},
  urldate    = {2020-08-24},
  booktitle  = {ICASSP},
  author     = {Hershey, John R. and Chen, Zhuo and Le Roux, Jonathan and Watanabe, Shinji},
  month      = mar,
  year       = {2016},
  pages      = {31--35}
}


@inproceedings{wang_multi-channel_2018,
  address    = {Calgary, AB},
  title      = {Multi-{Channel} {Deep} {Clustering}: {Discriminative} {Spectral} and {Spatial} {Embeddings} for {Speaker}-{Independent} {Speech} {Separation}},
  isbn       = {978-1-5386-4658-8},
  shorttitle = {Multi-{Channel} {Deep} {Clustering}},
  url        = {https://ieeexplore.ieee.org/document/8461639/},
  doi        = {10.1109/ICASSP.2018.8461639},
  language   = {en},
  urldate    = {2020-08-24},
  booktitle  = {ICASSP},
  author     = {Wang, Zhong-Qiu and Le Roux, Jonathan and Hershey, John R.},
  month      = apr,
  year       = {2018},
  pages      = {1--5}
}


@inproceedings{togami_spatial_2019,
  address   = {Brighton, United Kingdom},
  title     = {Spatial {Constraint} on {Multi}-channel {Deep} {Clustering}},
  isbn      = {978-1-4799-8131-1},
  url       = {https://ieeexplore.ieee.org/document/8683141/},
  doi       = {10.1109/ICASSP.2019.8683141},
  urldate   = {2020-10-25},
  booktitle = {ICASSP},
  publisher = {IEEE},
  author    = {Togami, Masahito},
  month     = may,
  year      = {2019},
  pages     = {531--535},
}


@inproceedings{tzinis_unsupervised_2019,
  address    = {Brighton, United Kingdom},
  title      = {Unsupervised {Deep} {Clustering} for {Source} {Separation}: {Direct} {Learning} from {Mixtures} {Using} {Spatial} {Information}},
  isbn       = {978-1-4799-8131-1},
  shorttitle = {Unsupervised {Deep} {Clustering} for {Source} {Separation}},
  url        = {https://ieeexplore.ieee.org/document/8683201/},
  doi        = {10.1109/ICASSP.2019.8683201},
  language   = {en},
  urldate    = {2020-12-19},
  booktitle  = {ICASSP},
  publisher  = {IEEE},
  author     = {Tzinis, Efthymios and Venkataramani, Shrikant and Smaragdis, Paris},
  month      = may,
  year       = {2019},
  pages      = {81--85},
}


@inproceedings{drude_unsupervised_2019,
  address   = {Brighton, United Kingdom},
  title     = {Unsupervised {Training} of a {Deep} {Clustering} {Model} for {Multichannel} {Blind} {Source} {Separation}},
  isbn      = {978-1-4799-8131-1},
  url       = {https://ieeexplore.ieee.org/document/8683520/},
  doi       = {10.1109/ICASSP.2019.8683520},
  language  = {en},
  urldate   = {2021-03-25},
  booktitle = {ICASSP},
  publisher = {IEEE},
  author    = {Drude, Lukas and Hasenklever, Daniel and Haeb-Umbach, Reinhold},
  month     = may,
  year      = {2019},
  pages     = {695--699},
}


@inproceedings{yu_permutation_2017,
  address   = {New Orleans, LA},
  title     = {Permutation invariant training of deep models for speaker-independent multi-talker speech separation},
  isbn      = {978-1-5090-4117-6},
  url       = {http://ieeexplore.ieee.org/document/7952154/},
  doi       = {10.1109/ICASSP.2017.7952154},
  language  = {en},
  urldate   = {2020-08-24},
  booktitle = {ICASSP},
  author    = {Yu, Dong and Kolbaek, Morten and Tan, Zheng-Hua and Jensen, Jesper},
  month     = mar,
  year      = {2017},
  pages     = {241--245}
}


@article{kolbaek_multitalker_2017,
  title    = {Multitalker {Speech} {Separation} {With} {Utterance}-{Level} {Permutation} {Invariant} {Training} of {Deep} {Recurrent} {Neural} {Networks}},
  volume   = {25},
  issn     = {2329-9290, 2329-9304},
  url      = {http://ieeexplore.ieee.org/document/7979557/},
  doi      = {10.1109/TASLP.2017.2726762},
  number   = {10},
  urldate  = {2020-11-22},
  journal  = {IEEE/ACM Transactions on Audio, Speech, and Language Processing},
  author   = {Kolbaek, Morten and Yu, Dong and Tan, Zheng-Hua and Jensen, Jesper},
  month    = oct,
  year     = {2017},
  pages    = {1901--1913},
}

@inproceedings{yousefi_probabilistic_2019,
  title     = {Probabilistic {Permutation} {Invariant} {Training} for {Speech} {Separation}},
  url       = {http://www.isca-speech.org/archive/Interspeech_2019/abstracts/1827.html},
  doi       = {10.21437/Interspeech.2019-1827},
  language  = {en},
  urldate   = {2021-03-25},
  booktitle = {Interspeech 2019},
  publisher = {ISCA},
  author    = {Yousefi, Midia and Khorram, Soheil and Hansen, John H.L.},
  month     = sep,
  year      = {2019},
  pages     = {4604--4608},
}


@inproceedings{yang_interrupted_2020,
  address   = {Barcelona, Spain},
  title     = {Interrupted and {Cascaded} {Permutation} {Invariant} {Training} for {Speech} {Separation}},
  isbn      = {978-1-5090-6631-5},
  url       = {https://ieeexplore.ieee.org/document/9053697/},
  doi       = {10.1109/ICASSP40776.2020.9053697},
  language  = {en},
  urldate   = {2021-03-25},
  booktitle = {ICASSP},
  publisher = {IEEE},
  author    = {Yang, Gene-Ping and Wu, Szu-Lin and Mao, Yao-Wen and Lee, Hung-yi and Lee, Lin-shan},
  month     = may,
  year      = {2020},
  pages     = {6369--6373},
}


@inproceedings{luo_tasnet_2018,
  address    = {Calgary, AB},
  title      = {{TaSNet}: {Time}-{Domain} {Audio} {Separation} {Network} for {Real}-{Time}, {Single}-{Channel} {Speech} {Separation}},
  isbn       = {978-1-5386-4658-8},
  shorttitle = {{TaSNet}},
  url        = {https://ieeexplore.ieee.org/document/8462116/},
  doi        = {10.1109/ICASSP.2018.8462116},
  language   = {en},
  urldate    = {2021-03-26},
  booktitle  = {ICASSP},
  publisher  = {IEEE},
  author     = {Luo, Yi and Mesgarani, Nima},
  month      = apr,
  year       = {2018},
  pages      = {696--700},
}


@article{luo_conv-tasnet_2019,
  title   = {Conv-{TasNet}: {Surpassing} {Ideal} {Time}–{Frequency} {Magnitude} {Masking} for {Speech} {Separation}},
  volume  = {27},
  number  = {8},
  journal = {IEEE/ACM Transactions on Audio, Speech, and Language Processing},
  author  = {Luo, Yi and Mesgarani, Nima},
  year    = {2019},
  pages   = {1256--1266},
}

@inproceedings{luo_fasnet_2019,
	address = {Singapore},
	title = {{FaSNet}: {Low}-{Latency} {Adaptive} {Beamforming} for {Multi}-{Microphone} {Audio} {Processing}},
	doi = {10/gn8fbv},
	booktitle = {ASRU},
	author = {Luo, Yi and Han, Cong and Mesgarani, Nima and Ceolini, Enea and Liu, Shih-Chii},
	year = {2019},
	pages = {260--267},
}

@inproceedings{luo_end--end_2020,
  address   = {Barcelona, Spain},
  title     = {End-to-end {Microphone} {Permutation} and {Number} {Invariant} {Multi}-channel {Speech} {Separation}},
  isbn      = {978-1-5090-6631-5},
  url       = {https://ieeexplore.ieee.org/document/9054177/},
  doi       = {10.1109/ICASSP40776.2020.9054177},
  language  = {en},
  urldate   = {2021-03-25},
  booktitle = {ICASSP},
  author    = {Luo, Yi and Chen, Zhuo and Mesgarani, Nima and Yoshioka, Takuya},
  month     = may,
  year      = {2020},
  pages     = {6394--6398},
}


@inproceedings{subakan_attention_2021,
  title     = {Attention {Is} {All} {You} {Need} {In} {Speech} {Separation}},
  doi       = {10.1109/ICASSP39728.2021.9413901},
  booktitle = {ICASSP},
  author    = {Subakan, Cem and Ravanelli, Mirco and Cornell, Samuele and Bronzi, Mirko and Zhong, Jianyuan},
  year      = {2021},
  pages     = {21--25},
}


@article{liu_divide_2019,
  title      = {Divide and {Conquer}: {A} {Deep} {CASA} {Approach} to {Talker}-independent {Monaural} {Speaker} {Separation}},
  shorttitle = {Divide and {Conquer}},
  url        = {http://arxiv.org/abs/1904.11148},
  language   = {en},
  urldate    = {2021-03-26},
  journal    = {arXiv:1904.11148 [cs, eess]},
  author     = {Liu, Yuzhou and Wang, DeLiang},
  month      = apr,
  year       = {2019},
}


@inproceedings{liu_deep_2020,
  address   = {Barcelona, Spain},
  title     = {Deep {Casa} for {Talker}-independent {Monaural} {Speech} {Separation}},
  isbn      = {978-1-5090-6631-5},
  url       = {https://ieeexplore.ieee.org/document/9054572/},
  doi       = {10.1109/ICASSP40776.2020.9054572},
  language  = {en},
  urldate   = {2021-03-25},
  booktitle = {ICASSP},
  publisher = {IEEE},
  author    = {Liu, Yuzhou and Delfarah, Masood and Wang, DeLiang},
  month     = may,
  year      = {2020},
  pages     = {6354--6358},
}

@inproceedings{li_multichannel_2019,
  address   = {New Paltz, NY, USA},
  title     = {Multichannel {Speech} {Enhancement} {Based} {On} {Time}-{Frequency} {Masking} {Using} {Subband} {Long} {Short}-{Term} {Memory}},
  isbn      = {978-1-72811-123-0},
  url       = {https://ieeexplore.ieee.org/document/8937218/},
  doi       = {10.1109/WASPAA.2019.8937218},
  language  = {en},
  urldate   = {2020-09-10},
  booktitle = {WASPAA},
  author    = {Li, Xiaofei and Horaud, Radu},
  month     = oct,
  year      = {2019},
  pages     = {298--302},
}


@article{li_narrow-band_2019,
	title = {Narrow-band {Deep} {Filtering} for {Multichannel} {Speech} {Enhancement}},
	language = {en},
	journal = {arXiv preprint arXiv:1911.10791},
	author = {Li, Xiaofei and Horaud, Radu},
	year = {2019},
}



@article{diaz-guerra_gpurir_2021,
	title = {{gpuRIR}: {A} python library for room impulse response simulation with {GPU} acceleration},
	volume = {80},
	issn = {1380-7501, 1573-7721},
	shorttitle = {{gpuRIR}},
	url = {http://link.springer.com/10.1007/s11042-020-09905-3},
	doi = {10.1007/s11042-020-09905-3},
	language = {en},
	number = {4},
	urldate = {2021-09-14},
	journal = {Multimedia Tools and Applications},
	author = {Diaz-Guerra, David and Miguel, Antonio and Beltran, Jose R.},
	month = feb,
	year = {2021},
	pages = {5653--5671},
}


@article{allen_image_1979,
	title = {Image method for efficiently simulating small‐room acoustics},
	volume = {65},
	issn = {0001-4966},
	url = {http://asa.scitation.org/doi/10.1121/1.382599},
	doi = {10.1121/1.382599},
	language = {en},
	number = {4},
	urldate = {2021-09-14},
	journal = {The Journal of the Acoustical Society of America},
	author = {Allen, Jont B. and Berkley, David A.},
	month = apr,
	year = {1979},
	pages = {943--950},
}

@inproceedings{kingma2015adam,
	title="Adam: A Method for Stochastic Optimization",
	author="Diederik P. {Kingma} and Jimmy Lei {Ba}",
	booktitle="International Conference on Learning Representations",
	year="2015"
}


@inproceedings{roux_sdr_2019,
	address = {Brighton, United Kingdom},
	title = {{SDR} – {Half}-baked or {Well} {Done}?},
	isbn = {978-1-4799-8131-1},
	url = {https://ieeexplore.ieee.org/document/8683855/},
	doi = {10.1109/ICASSP.2019.8683855},
	language = {en},
	urldate = {2021-03-26},
	booktitle = {ICASSP},
	author = {Roux, Jonathan Le and Wisdom, Scott and Erdogan, Hakan and Hershey, John R.},
	month = may,
	year = {2019},
	pages = {626--630},
}


@article{vincent_performance_2006,
	title = {Performance measurement in blind audio source separation},
	volume = {14},
	issn = {1558-7916},
	url = {http://ieeexplore.ieee.org/document/1643671/},
	doi = {10.1109/TSA.2005.858005},
	number = {4},
	urldate = {2020-12-07},
	journal = {IEEE Transactions on Audio, Speech and Language Processing},
	author = {Vincent, E. and Gribonval, R. and Fevotte, C.},
	month = jul,
	year = {2006},
	pages = {1462--1469},
}


@inproceedings{rix_perceptual_2001,
	title = {Perceptual evaluation of speech quality ({PESQ})-a new method for speech quality assessment of telephone networks and codecs},
	doi = {10.1109/ICASSP.2001.941023},
	booktitle = {ICASSP},
	author = {Rix, A.W. and Beerends, J.G. and Hollier, M.P. and Hekstra, A.P.},
	year = {2001},
	pages = {749--752},
}


@article{parra_geometric_2002,
	title = {Geometric source separation: merging convolutive source separation with geometric beamforming},
	volume = {10},
	doi = {10.1109/TSA.2002.803443},
	number = {6},
	journal = {IEEE Transactions on Speech and Audio Processing},
	author = {Parra, L.C. and Alvino, C.V.},
	year = {2002},
	pages = {352--362},
}


@inproceedings{araki_hybrid_2011,
	address = {Prague, Czech Republic},
	title = {Hybrid approach for multichannel source separation combining time-frequency mask with multi-channel {Wiener} filter},
	isbn = {978-1-4577-0538-0},
	url = {http://ieeexplore.ieee.org/document/5946381/},
	doi = {10.1109/ICASSP.2011.5946381},
	urldate = {2021-09-19},
	booktitle = {ICASSP},
	publisher = {IEEE},
	author = {Araki, Shoko and Nakatani, Tomohiro},
	month = may,
	year = {2011},
	pages = {225--228},
}



@inproceedings{boeddecker_front-end_2018,
	title = {Front-end processing for the {CHiME}-5 dinner party scenario},
	url = {https://www.isca-speech.org/archive/chime_2018/boeddecker18_chime.html},
	doi = {10.21437/CHiME.2018-8},
	language = {en},
	urldate = {2021-09-19},
	booktitle = {CHiME},
	author = {Boeddecker, Christoph and Heitkaemper, Jens and Schmalenstroeer, Joerg and Drude, Lukas and Heymann, Jahn and Haeb-Umbach, Reinhold},
	month = sep,
	year = {2018},
	pages = {35--40},
}


@inproceedings{gu_enhancing_2020,
	address = {Barcelona, Spain},
	title = {Enhancing {End}-to-{End} {Multi}-{Channel} {Speech} {Separation} {Via} {Spatial} {Feature} {Learning}},
	isbn = {978-1-5090-6631-5},
	url = {https://ieeexplore.ieee.org/document/9053092/},
	doi = {10.1109/ICASSP40776.2020.9053092},
	language = {en},
	urldate = {2021-03-25},
	booktitle = {ICASSP},
	author = {Gu, Rongzhi and Zhang, Shi-Xiong and Chen, Lianwu and Xu, Yong and Yu, Meng and Su, Dan and Zou, Yuexian and Yu, Dong},
	month = may,
	year = {2020},
	pages = {7319--7323},
}


@inproceedings{ochiai_beam-tasnet_2020,
	address = {Barcelona, Spain},
	title = {Beam-{TasNet}: {Time}-domain {Audio} {Separation} {Network} {Meets} {Frequency}-domain {Beamformer}},
	isbn = {978-1-5090-6631-5},
	shorttitle = {Beam-{TasNet}},
	url = {https://ieeexplore.ieee.org/document/9053575/},
	doi = {10.1109/ICASSP40776.2020.9053575},
	language = {en},
	urldate = {2021-03-25},
	booktitle = {ICASSP},
	author = {Ochiai, Tsubasa and Delcroix, Marc and Ikeshita, Rintaro and Kinoshita, Keisuke and Nakatani, Tomohiro and Araki, Shoko},
	month = may,
	year = {2020},
	pages = {6384--6388},
}


@inproceedings{heymann_blstm_2015,
	title = {{BLSTM} supported {GEV} beamformer front-end for the {3RD} {CHiME} challenge},
	doi = {10/gn8fhc},
	booktitle = {ASRU},
	author = {Heymann, Jahn and Drude, Lukas and Chinaev, Aleksej and Haeb-Umbach, Reinhold},
	year = {2015},
	pages = {444--451},
}


@article{watanabe_chime-6_2020,
	title = {{CHiME}-6 challenge: {Tackling} multispeaker speech recognition for unsegmented recordings},
	journal = {arXiv preprint arXiv:2004.09249},
	author = {Watanabe, Shinji and Mandel, Michael and Barker, Jon and Vincent, Emmanuel and Arora, Ashish and Chang, Xuankai and Khudanpur, Sanjeev and Manohar, Vimal and Povey, Daniel and Raj, Desh and {others}},
	year = {2020},
}


@article{wang_supervised_2018,
	title = {Supervised {Speech} {Separation} {Based} on {Deep} {Learning}: {An} {Overview}},
	volume = {26},
	issn = {2329-9290, 2329-9304},
	shorttitle = {Supervised {Speech} {Separation} {Based} on {Deep} {Learning}},
	url = {https://ieeexplore.ieee.org/document/8369155/},
	doi = {10.1109/TASLP.2018.2842159},
	language = {en},
	number = {10},
	urldate = {2020-08-24},
	journal = {IEEE/ACM Transactions on Audio, Speech, and Language Processing},
	author = {Wang, DeLiang and Chen, Jitong},
	month = oct,
	year = {2018},
	pages = {1702--1726},
}
