% [Yunqiu Xu] [20210122] this is based on IJCAI's bib, I refine some refs

@inproceedings{fang2017learning,
    title = {Learning how to Active Learn: A Deep Reinforcement Learning Approach},
    author = {Fang, Meng and Li, Yuan and Cohn, Trevor},
    booktitle = {Proceedings of the Conference on Empirical Methods in Natural Language Processing (EMNLP)},
    year = {2017},
    doi = "10.18653/v1/D17-1063",
    pages = {595--605},
}

@inproceedings{fang2018dher,
  title={DHER: Hindsight experience replay for dynamic goals},
  author={Fang, Meng and Zhou, Cheng and Shi, Bei and Gong, Boqing and Xu, Jia and Zhang, Tong},
  booktitle={International Conference on Learning Representations (ICLR)},
  year={2018}
}


@article{schulman2017ppo,
  title={Proximal policy optimization algorithms},
  author={Schulman, John and Wolski, Filip and Dhariwal, Prafulla and Radford, Alec and Klimov, Oleg},
  journal={arXiv preprint arXiv:1707.06347},
  year={2017}
}

@article{silver2016mastering,
  title={Mastering the game of Go with deep neural networks and tree search},
  author={Silver, David and Huang, Aja and Maddison, Chris J and Guez, Arthur and Sifre, Laurent and Van Den Driessche, George and Schrittwieser, Julian and Antonoglou, Ioannis and Panneershelvam, Veda and Lanctot, Marc and others},
  journal={nature},
  volume={529},
  number={7587},
  pages={484--489},
  year={2016},
  publisher={Nature Publishing Group}
}

% ---------

@article{adhikari2020kg,
  title={Learning Dynamic Knowledge Graphs to Generalize on Text-Based Games},
  author={Adhikari, Ashutosh and Yuan, Xingdi and C{\^o}t{\'e}, Marc-Alexandre and Zelinka, Mikul{\'a}{\v{s}} and Rondeau, Marc-Antoine and Laroche, Romain and Poupart, Pascal and Tang, Jian and Trischler, Adam and Hamilton, William L},
  journal={arXiv preprint arXiv:2002.09127},
  year={2020}
}

@inproceedings{adolphs2019ledeepchef,
  title={Ledeepchef: Deep reinforcement learning agent for families of text-based games},
  author={Adolphs, Leonard and Hofmann, Thomas},
  booktitle={Proceedings of the AAAI Conference on Artificial Intelligence (AAAI)},
  volume={34},
  pages={7342--7349},
  year={2020}
}

@inproceedings{ammanabrolu2019kga2c,
title={Graph Constrained Reinforcement Learning for Natural Language Action Spaces},
author={Prithviraj Ammanabrolu and Matthew Hausknecht},
booktitle={International Conference on Learning Representations (ICLR)},
year={2020},
url={https://openreview.net/forum?id=B1x6w0EtwH}
}

@article{ammanabrolu2020kga2cexplore,
  title={How To Avoid Being Eaten By a Grue: Exploration Strategies for Text-Adventure Agents},
  author={Ammanabrolu, Prithviraj and Tien, Ethan and Luo, Zhaochen and Riedl, Mark O},
  journal={arXiv preprint arXiv:2002.08795},
  year={2020}
}

@inproceedings{ammanabrolu2019kgdqn,
  title={Playing Text-Adventure Games with Graph-Based Deep Reinforcement Learning},
  author={Ammanabrolu, Prithviraj and Riedl, Mark},
  booktitle={Proceedings of the Conference of the North American Chapter of the Association for Computational Linguistics: Human Language Technologies (NAACL-HLT)},
  volume={1},
  pages={3557--3565},
  year={2019},
  doi = {10.18653/v1/N19-1358},
  url = "https://aclanthology.org/N19-1358"
}

@inproceedings{ammanabrolu2019kgdqntransfer,
    title = "Transfer in Deep Reinforcement Learning Using Knowledge Graphs",
    author = "Ammanabrolu, Prithviraj  and Riedl, Mark",
    booktitle = "Proceedings of the Thirteenth Workshop on Graph-Based Methods for Natural Language Processing (TextGraphs-13)",
    year = "2019",
    url = "https://aclanthology.org/D19-5301",
    doi = "10.18653/v1/D19-5301",
    pages = "1--10",
}

@inproceedings{angeli2015openie,
  title={Leveraging linguistic structure for open domain information extraction},
  author={Angeli, Gabor and Premkumar, Melvin Jose Johnson and Manning, Christopher D},
  booktitle={Proceedings of the 53rd Annual Meeting of the Association for Computational Linguistics and the 7th International Joint Conference on Natural Language Processing (Volume 1: Long Papers)},
  pages={344--354},
  year={2015}
}

@inproceedings{antol2015vqa,
  title={Vqa: Visual question answering},
  author={Antol, Stanislaw and Agrawal, Aishwarya and Lu, Jiasen and Mitchell, Margaret and Batra, Dhruv and Lawrence Zitnick, C and Parikh, Devi},
  booktitle={Proceedings of the IEEE international conference on computer vision},
  pages={2425--2433},
  year={2015}
}

% rule-based
@article{atkinson2019text,
author={Atkinson, Timothy and Baier, Hendrik and Copplestone, Tara and Devlin, Sam and Swan, Jerry},
  journal={IEEE Transactions on Games}, 
  title={The Text-Based Adventure AI Competition}, 
  year={2019},
  volume={11},
  number={3},
  pages={260-266},
  doi={10.1109/TG.2019.2896017}}

@article{bellemare2013arcade,
  title={The arcade learning environment: An evaluation platform for general agents},
  author={Bellemare, Marc G and Naddaf, Yavar and Veness, Joel and Bowling, Michael},
  journal={Journal of Artificial Intelligence Research},
  volume={47},
  pages={253--279},
  year={2013}
}

@article{cote2018textworld,
  author = {Marc-Alexandre C\^ot\'e and
            \'Akos K\'ad\'ar and
            Xingdi Yuan and
            Ben Kybartas and
            Tavian Barnes and
            Emery Fine and
            James Moore and
            Ruo Yu Tao and
            Matthew Hausknecht and
            Layla El Asri and
            Mahmoud Adada and
            Wendy Tay and
            Adam Trischler},
  title = {TextWorld: A Learning Environment for Text-based Games},
  journal={arXiv preprint arXiv:1806.11532},
  year = {2018}
}

@article{greydanus2017visualize,
  title={Visualizing and understanding atari agents},
  author={Greydanus, Sam and Koul, Anurag and Dodge, Jonathan and Fern, Alan},
  journal={arXiv preprint arXiv:1711.00138},
  year={2017}
}

@inproceedings{hausknecht2015drqn,
  title={Deep recurrent q-learning for partially observable mdps},
  author={Hausknecht, Matthew and Stone, Peter},
  booktitle={2015 AAAI Fall Symposium Series},
  year={2015}
}

% rule
@article{hausknecht2019nail,
  title={NAIL: A General Interactive Fiction Agent},
  author={Hausknecht, Matthew and Loynd, Ricky and Yang, Greg and Swaminathan, Adith and Williams, Jason D},
  journal={arXiv preprint arXiv:1902.04259},
  year={2019}
}

@inproceedings{hausknecht2019jericho,
  title={Interactive fiction games: A colossal adventure},
  author={Hausknecht, Matthew and Ammanabrolu, Prithviraj and C{\^o}t{\'e}, Marc-Alexandre and Yuan, Xingdi},
  booktitle={Proceedings of the AAAI Conference on Artificial Intelligence (AAAI)},
  volume={34},
  pages={7903--7910},
  year={2020}
}




@inproceedings{he2016drrn,
  title={Deep Reinforcement Learning with a Natural Language Action Space},
  author={He, Ji and Chen, Jianshu and He, Xiaodong and Gao, Jianfeng and Li, Lihong and Deng, Li and Ostendorf, Mari},
  booktitle={Proceedings of the Annual Meeting of the Association for Computational Linguistics (ACL)},
  url = "https://aclanthology.org/P16-1153",
  doi = "10.18653/v1/P16-1153",
  pages = "1621--1630",
  year={2016}
}


@inproceedings{jain2019aaai,
  title={Algorithmic Improvements for Deep Reinforcement Learning applied to Interactive Fiction},
  author={Jain, Vishal and Fedus, William and Larochelle, Hugo and Precup, Doina and Bellemare, Marc G},
  booktitle={Proceedings of the AAAI Conference on Artificial Intelligence (AAAI)},
  volume={34},
  pages={4328--4336},
  year={2020}
}


% rule
@inproceedings{kostka2017text,
  title={Text-based adventures of the golovin ai agent},
  author={Kostka, Bartosz and Kwiecieli, Jaroslaw and Kowalski, Jakub and Rychlikowski, Pawel},
  booktitle={2017 IEEE Conference on Computational Intelligence and Games (CIG)},
  pages={181--188},
  year={2017},
  organization={IEEE}
}

% vusual
@inproceedings{lample2017playing,
  title={Playing FPS games with deep reinforcement learning},
  author={Lample, Guillaume and Chaplot, Devendra Singh},
  booktitle={Thirty-First AAAI Conference on Artificial Intelligence},
  year={2017}
}

% ddpg
@article{lillicrap2015continuous,
  title={Continuous control with deep reinforcement learning},
  author={Lillicrap, Timothy P and Hunt, Jonathan J and Pritzel, Alexander and Heess, Nicolas and Erez, Tom and Tassa, Yuval and Silver, David and Wierstra, Daan},
  journal={arXiv preprint arXiv:1509.02971},
  year={2015}
}

@article{lindsay2020attention,
  title={Attention in Psychology, Neuroscience, and Machine Learning},
  author={Lindsay, Grace W},
  journal={Frontiers in Computational Neuroscience},
  volume={14},
  pages={29},
  year={2020},
  publisher={Frontiers}
}

@inproceedings{luketina2019survey,
  title     = {A Survey of Reinforcement Learning Informed by Natural Language},
  author    = {Luketina, Jelena and Nardelli, Nantas and Farquhar, Gregory and Foerster, Jakob and Andreas, Jacob and Grefenstette, Edward and Whiteson, Shimon and Rockt√§schel, Tim},
  booktitle = {Proceedings of the International Joint Conference on Artificial Intelligence (IJCAI)},
  pages     = {6309--6317},
  year      = {2019},
  doi       = {10.24963/ijcai.2019/880},
  url       = {https://doi.org/10.24963/ijcai.2019/880},
}

@article{madotto2020exploration,
  title={Exploration Based Language Learning for Text-Based Games},
  author={Madotto, Andrea and Namazifar, Mahdi and Huizinga, Joost and Molino, Piero and Ecoffet, Adrien and Zheng, Huaixiu and Papangelis, Alexandros and Yu, Dian and Khatri, Chandra and Tur, Gokhan},
  journal={arXiv preprint arXiv:2001.08868},
  year={2020}
}

@incollection{mnih2013dqn,
  title = {Playing Atari With Deep Reinforcement Learning},
  author = {Volodymyr Mnih and Koray Kavukcuoglu and David Silver and Alex Graves and Ioannis Antonoglou and Daan Wierstra and Martin Riedmiller},
  booktitle = {NIPS Deep Learning Workshop},
  year = {2013}
}

@article{mnih2015dqn,
    Author = {Mnih, Volodymyr and Kavukcuoglu, Koray and Silver, David and Rusu, Andrei A. and Veness, Joel and Bellemare, Marc G. and Graves, Alex and Riedmiller, Martin and Fidjeland, Andreas K. and Ostrovski, Georg and Petersen, Stig and Beattie, Charles and Sadik, Amir and Antonoglou, Ioannis and King, Helen and Kumaran, Dharshan and Wierstra, Daan and Legg, Shane and Hassabis, Demis},
    Day = {26},
    Journal = {Nature},
    Month = {02},
    Number = {7540},
    Pages = {529--533},
    Title = {Human-level control through deep reinforcement learning},
    Url = {http://dx.doi.org/10.1038/nature14236},
    Volume = {518},
    Year = {2015},
}


% rule-based
@inproceedings{nancy2017byuagent,
  author    = {Nancy Fulda and Daniel Ricks and Ben Murdoch and David Wingate},
  title     = {What Can You Do with a Rock? Affordance Extraction via Word Embeddings},
  booktitle = {Proceedings of the Twenty-Sixth International Joint Conference on
               Artificial Intelligence, {IJCAI-17}},
  pages     = {1039--1045},
  year      = {2017},
  doi       = {10.24963/ijcai.2017/144},
  url       = {https://doi.org/10.24963/ijcai.2017/144},
}

% lstm-dqn
@inproceedings{narasimhan2015language,
  title={Language understanding for text-based games using deep reinforcement learning},
  author={Narasimhan, Karthik and Kulkarni, Tejas D and Barzilay, Regina},
  booktitle={Proceedings of the Conference on Empirical Methods in Natural Language Processing (EMNLP)},
  pages={1--11},
  year={2015},
  url = "https://aclanthology.org/D15-1001", 
  doi = "10.18653/v1/D15-1001"}
}

@article{parisotto2019stabilizing,
  title={Stabilizing Transformers for Reinforcement Learning},
  author={Parisotto, Emilio and Song, H Francis and Rae, Jack W and Pascanu, Razvan and Gulcehre, Caglar and Jayakumar, Siddhant M and Jaderberg, Max and Kaufman, Raphael Lopez and Clark, Aidan and Noury, Seb and others},
  journal={arXiv preprint arXiv:1910.06764},
  year={2019}
}

@book{pinker2003introduction,
  title={The language instinct: How the mind creates language},
  author={Pinker, Steven},
  year={2003},
  publisher={Penguin UK}
}

@article{sutton1998introduction,
  title={Introduction to Reinforcement Learning},
  author={Sutton, Richard S and Barto, Andrew G},
  year={1998},
  publisher={MIT Press}
}

@article{tao2018towards,
  title={Towards solving text-based games by producing adaptive action spaces},
  author={Tao, Ruo Yu and C{\^o}t{\'e}, Marc-Alexandre and Yuan, Xingdi and Asri, Layla El},
  journal={arXiv preprint arXiv:1812.00855},
  year={2018}
}

@inproceedings{vaswani2017transformer,
  title={Attention is all you need},
  author={Vaswani, Ashish and Shazeer, Noam and Parmar, Niki and Uszkoreit, Jakob and Jones, Llion and Gomez, Aidan N and Kaiser, {\L}ukasz and Polosukhin, Illia},
  booktitle={Advances in Neural Information Processing Systems (NeurIPS)},
  volume={30},
  pages={5998--6008},
  year={2017}
}

@inproceedings{velickovic2018gat,
title={Graph Attention Networks},
author={Petar Veliƒçkoviƒá and Guillem Cucurull and Arantxa Casanova and Adriana Romero and Pietro Li√≤ and Yoshua Bengio},
booktitle={International Conference on Learning Representations},
year={2018},
url={https://openreview.net/forum?id=rJXMpikCZ},
}

@inproceedings{wei2018qanet,
title={Fast and Accurate Reading Comprehension by Combining Self-Attention and Convolution},
author={Adams Wei Yu and David Dohan and Quoc Le and Thang Luong and Rui Zhao and Kai Chen},
booktitle={International Conference on Learning Representations},
year={2018},
url={https://openreview.net/forum?id=B14TlG-RW},
}

@article{yin2019cog,
  title={Comprehensible Context-driven Text Game Playing},
  author={Xusen Yin and Jonathan May},
  journal={IEEE Conference on Games (CoG)},
  year={2019},
  pages={1-8}
}

@inproceedings{yuan2018counting,
author = {Yuan, Xingdi (Eric) and C√¥t√©, Marc-Alexandre and Sordoni, Alessandro and Laroche, Romain and Tachet des Combes, Remi and Hausknecht, Matthew and Trischler, Adam},
title = {Counting to Explore and Generalize in Text-based Games},
booktitle = {European Workshop on Reinforcement Learning (EWRL)},
year = {2018},
}

@inproceedings{yuan2019interactive,
  title={Interactive Language Learning by Question Answering},
  author={Yuan, Xingdi and C{\^o}t{\'e}, Marc-Alexandre and Fu, Jie and Lin, Zhouhan and Pal, Christopher and Bengio, Yoshua and Trischler, Adam},
  booktitle={Proceedings of the 2019 Conference on Empirical Methods in Natural Language Processing and the 9th International Joint Conference on Natural Language Processing (EMNLP-IJCNLP)},
  pages={2796--2806},
  year={2019}
}

@inproceedings{zahavy2018nips,
  title={Learn what not to learn: Action elimination with deep reinforcement learning},
  author={Zahavy, Tom and Haroush, Matan and Merlis, Nadav and Mankowitz, Daniel J and Mannor, Shie},
  booktitle={Advances in Neural Information Processing Systems (NeurIPS)},
  volume={31},
  pages={3562--3573},
  year={2018}
}


@article{zelinka2019building,
  title={Building Dynamic Knowledge Graphs from Text-based Games},
  author={Zelinka, Mikulas and Yuan, Xingdi and C{\^o}t{\'e}, Marc-Alexandre and Laroche, Romain and Trischler, Adam},
  journal={arXiv preprint arXiv:1910.09532},
  year={2019}
}

% [Yunqiu Xu] [20201120] ----- new TBG-related work
@inproceedings{adhikari2020gatav2,
  title={Learning dynamic belief graphs to generalize on text-based games},
  author={Adhikari, Ashutosh and Yuan, Xingdi and C{\^o}t{\'e}, Marc-Alexandre and Zelinka, Mikul{\'a}{\v{s}} and Rondeau, Marc-Antoine and Laroche, Romain and Poupart, Pascal and Tang, Jian and Trischler, Adam and Hamilton, Will},
  booktitle={Advances in Neural Information Processing Systems (NeurIPS)},
  volume = {33},
  pages = {3045--3057},
  year={2020}
}

@inproceedings{guo2020emnlp,
  title={Interactive Fiction Game Playing as Multi-Paragraph Reading Comprehension with Reinforcement Learning},
  author={Guo, Xiaoxiao and Yu, Mo and Gao, Yupeng and Gan, Chuang and Campbell, Murray and Chang, Shiyu},
  booktitle={Proceedings of the Conference on Empirical Methods in Natural Language Processing (EMNLP)},
  pages={7755--7765},
  year={2020},
  url = "https://aclanthology.org/2020.emnlp-main.624", 
  doi = "10.18653/v1/2020.emnlp-main.624",
}

@article{murugesan2020kg,
  title={Enhancing Text-based Reinforcement Learning Agents with Commonsense Knowledge},
  author={Murugesan, Keerthiram and Atzeni, Mattia and Shukla, Pushkar and Sachan, Mrinmaya and Kapanipathi, Pavan and Talamadupula, Kartik},
  journal={arXiv preprint arXiv:2005.00811},
  year={2020}
}

@inproceedings{murugesan2020commonsense,
  title={Text-based RL Agents with Commonsense Knowledge: New Challenges, Environments and Baselines},
  author={Murugesan, Keerthiram and Atzeni, Mattia and Kapanipathi, Pavan and Shukla, Pushkar and Kumaravel, Sadhana and Tesauro, Gerald and Talamadupula, Kartik and Sachan, Mrinmaya and Campbell, Murray},
  booktitle={Proceedings of the AAAI Conference on Artificial Intelligence (AAAI)},
  volume={35},
  pages={9018--9027},
  year={2021}
}

@article{shridhar2020alfworld,
  title={ALFWorld: Aligning Text and Embodied Environments for Interactive Learning},
  author={Shridhar, Mohit and Yuan, Xingdi and C{\^o}t{\'e}, Marc-Alexandre and Bisk, Yonatan and Trischler, Adam and Hausknecht, Matthew},
  journal={arXiv preprint arXiv:2010.03768},
  year={2020}
}

@inproceedings{xu2020cog,
  title={Deep Reinforcement Learning with Transformers for Text Adventure Games},
  author={Xu, Yunqiu and Chen, Ling and Fang, Meng and Wang, Yang and Zhang, Chengqi},
  booktitle={IEEE Conference on Games (CoG)},
  pages={65--72},
  year={2020}
}

@inproceedings{xu2020nips,
 author = {Xu, Yunqiu and Fang, Meng and Chen, Ling and Du, Yali and Zhou, Joey Tianyi and Zhang, Chengqi},
 booktitle = {Advances in Neural Information Processing Systems (NeurIPS)},
 pages = {16495--16507},
 title = {Deep Reinforcement Learning with Stacked Hierarchical Attention for Text-based Games},
 volume = {33},
 year = {2020}
}


% action generation
@inproceedings{yao2020emnlp,
    title = "Keep {CALM} and Explore: Language Models for Action Generation in Text-based Games",
    author = "Yao, Shunyu  and
      Rao, Rohan  and
      Hausknecht, Matthew  and
      Narasimhan, Karthik",
    booktitle = "Proceedings of the Conference on Empirical Methods in Natural Language Processing (EMNLP)",
    year = "2020",
    url = "https://aclanthology.org/2020.emnlp-main.704",
    doi = "10.18653/v1/2020.emnlp-main.704",
    pages = "8736--8754",
}

% This is a simple domain transfer
@article{yin2020zero,
  title={Zero-Shot Learning of Text Adventure Games with Sentence-Level Semantics},
  author={Yin, Xusen and May, Jonathan},
  journal={arXiv preprint arXiv:2004.02986},
  year={2020}
}

% cite this with adolphs --> they use Cooking competition
@inproceedings{yin2020emnlpfinding,
  title={Learning to Generalize for Sequential Decision Making},
  author={Yin, Xusen and Weischedel, Ralph and May, Jonathan},
  booktitle={Proceedings of the Conference on Empirical Methods in Natural Language Processing: Findings (EMNLP-Findings)},
  pages={3046--3063},
  year={2020},
  url = "https://aclanthology.org/2020.findings-emnlp.273", 
  doi = "10.18653/v1/2020.findings-emnlp.273",
}


% ------ language model
@inproceedings{devlin2019bert,
  title={BERT: Pre-training of Deep Bidirectional Transformers for Language Understanding},
  author={Devlin, Jacob and Chang, Ming-Wei and Lee, Kenton and Toutanova, Kristina},
  booktitle={Proceedings of the 2019 Conference of the North American Chapter of the Association for Computational Linguistics: Human Language Technologies, Volume 1 (Long and Short Papers)},
  pages={4171--4186},
  year={2019}
}

@article{lan2019albert,
  title={Albert: A lite bert for self-supervised learning of language representations},
  author={Lan, Zhenzhong and Chen, Mingda and Goodman, Sebastian and Gimpel, Kevin and Sharma, Piyush and Soricut, Radu},
  journal={arXiv preprint arXiv:1909.11942},
  year={2019}
}

@article{radford2019gpt,
  title={Language Models are Unsupervised Multitask Learners},
  author={Radford, Alec and Wu, Jeffrey and Child, Rewon and Luan, David and Amodei, Dario and Sutskever, Ilya}
}

@article{brown2020gpt3,
  title={Language models are few-shot learners},
  author={Brown, Tom B and Mann, Benjamin and Ryder, Nick and Subbiah, Melanie and Kaplan, Jared and Dhariwal, Prafulla and Neelakantan, Arvind and Shyam, Pranav and Sastry, Girish and Askell, Amanda and others},
  journal={arXiv preprint arXiv:2005.14165},
  year={2020}
}


% [Yunqiu Xu] [20201120] sub-task decomposition and modularization
@inproceedings{andreas2017modular,
  title = 	{Modular Multitask Reinforcement Learning with Policy Sketches},
  author = {Andreas, Jacob and Klein, Dan and Levine, Sergey},
  booktitle = 	 {International Conference on Machine Learning (ICML)},
  pages = 	 {166--175},
  year = 	 {2017},
  volume = 	 {70},
  url = 	 {https://proceedings.mlr.press/v70/andreas17a.html},
}


% oh multi task
@inproceedings{oh2017zero,
  title={Zero-Shot Task Generalization with Multi-Task Deep Reinforcement Learning},
  author={Oh, Junhyuk and Singh, Satinder and Lee, Honglak and Kohli, Pushmeet},
  booktitle={International Conference on Machine Learning (ICML)},
  pages={2661--2670},
  year={2017},
  volume = 	 {70}
}


% task decomposition
@InProceedings{shiarlis2018taco,
  title = 	 {TACO: Learning Task Decomposition via Temporal Alignment for Control},
  author =       {Shiarlis, Kyriacos and Wulfmeier, Markus and Salter, Sasha and Whiteson, Shimon and Posner, Ingmar},
  booktitle = 	 {International Conference on Machine Learning (ICML)},
  pages = 	 {4654--4663},
  year = 	 {2018},
  volume = 	 {80},
}


% subtask
@inproceedings{sohn2018subtask,
  title={Hierarchical reinforcement learning for zero-shot generalization with subtask dependencies},
  author={Sohn, Sungryull and Oh, Junhyuk and Lee, Honglak},
  booktitle={Advances in Neural Information Processing Systems (NeurIPS)},
  volume = {31},
  pages={7156--7166},
  year={2018}
}

% subtask
@inproceedings{sohn2020subtask,
title={Meta Reinforcement Learning with Autonomous Inference of Subtask Dependencies},
author={Sungryull Sohn and Hyunjae Woo and Jongwook Choi and Honglak Lee},
booktitle={International Conference on Learning Representations},
year={2020},
url={https://openreview.net/forum?id=HkgsWxrtPB}
}
% -----------------



% ----------------- MTL
% multitask
@article{maurer2016multitask,
  title={The benefit of multitask representation learning},
  author={Maurer, Andreas and Pontil, Massimiliano and Romera-Paredes, Bernardino},
  journal={The Journal of Machine Learning Research},
  volume={17},
  number={1},
  pages={2853--2884},
  year={2016},
  publisher={JMLR. org}
}

% lydia liu multi task
@InProceedings{liu2016multitask,
author = {Liu, Lydia T. and Dogan, Urun and Hofmann, Katja},
title = {Decoding multitask DQN in the world of Minecraft},
booktitle = {The 13th European Workshop on Reinforcement Learning (EWRL) 2016},
year = {2016},
month = {December},
url = {https://www.microsoft.com/en-us/research/publication/decoding-multitask-dqn-in-the-world-of-minecraft/},
}

% hip-mdp
@article{zhang2020multitask,
  title={Multi-Task Reinforcement Learning as a Hidden-Parameter Block MDP},
  author={Zhang, Amy and Sodhani, Shagun and Khetarpal, Khimya and Pineau, Joelle},
  journal={arXiv preprint arXiv:2007.07206},
  year={2020}
}

% multi task & transferrable
@article{perez2020multitask,
  title={Generalized Hidden Parameter MDPs Transferable Model-based RL in a Handful of Trials},
  author={Perez, Christian F and Such, Felipe Petroski and Karaletsos, Theofanis},
  journal={arXiv preprint arXiv:2002.03072},
  year={2020}
}

% multi task
@article{zhang2017multitask,
  title={A survey on multi-task learning},
  author={Zhang, Yu and Yang, Qiang},
  journal={arXiv preprint arXiv:1707.08114},
  year={2017}
}

% soft modularizaiton
@article{yang2020multitask,
  title={Multi-Task Reinforcement Learning with Soft Modularization},
  author={Yang, Ruihan and Xu, Huazhe and Wu, Yi and Wang, Xiaolong},
  journal={arXiv preprint arXiv:2003.13661},
  year={2020}
}

% multi task
@article{caruana1997multitask,
  title={Multitask learning},
  author={Caruana, Rich},
  journal={Machine learning},
  volume={28},
  number={1},
  pages={41--75},
  year={1997},
  publisher={Springer}
}

% meta world
@inproceedings{yu2020meta,
  title={Meta-world: A benchmark and evaluation for multi-task and meta reinforcement learning},
  author={Yu, Tianhe and Quillen, Deirdre and He, Zhanpeng and Julian, Ryan and Hausman, Karol and Finn, Chelsea and Levine, Sergey},
  booktitle={Conference on Robot Learning},
  pages={1094--1100},
  year={2020}
}

% multi task
@inproceedings{peng2019mcp,
  title={MCP: Learning composable hierarchical control with multiplicative compositional policies},
  author={Peng, Xue Bin and Chang, Michael and Zhang, Grace and Abbeel, Pieter and Levine, Sergey},
  booktitle={Advances in Neural Information Processing Systems},
  pages={3686--3697},
  year={2019}
}



% useless
@inproceedings{koncel2019graphtotext,
  title={Text Generation from Knowledge Graphs with Graph Transformers},
  author={Koncel-Kedziorski, Rik and Bekal, Dhanush and Luan, Yi and Lapata, Mirella and Hajishirzi, Hannaneh},
  booktitle={Proceedings of the 2019 Conference of the North American Chapter of the Association for Computational Linguistics: Human Language Technologies, Volume 1 (Long and Short Papers)},
  pages={2284--2293},
  year={2019}
}

% QA future + Ammanabrolu KGA2Cexplore
@article{das2020probing,
  title={Probing Emergent Semantics in Predictive Agents via Question Answering},
  author={Das, Abhishek and Carnevale, Federico and Merzic, Hamza and Rimell, Laura and Schneider, Rosalia and Abramson, Josh and Hung, Alden and Ahuja, Arun and Clark, Stephen and Wayne, Gregory and others},
  journal={arXiv preprint arXiv:2006.01016},
  year={2020}
}


% [Yunqiu Xu] exp, details
@article{mikolov2017fasttext,
  title={Advances in pre-training distributed word representations},
  author={Mikolov, Tomas and Grave, Edouard and Bojanowski, Piotr and Puhrsch, Christian and Joulin, Armand},
  journal={arXiv preprint arXiv:1712.09405},
  year={2017}
}

% [Yunqiu Xu] arch - RGCN
@inproceedings{schlichtkrull2018rgcn,
  title={Modeling relational data with graph convolutional networks},
  author={Schlichtkrull, Michael and Kipf, Thomas N and Bloem, Peter and Van Den Berg, Rianne and Titov, Ivan and Welling, Max},
  booktitle={European Semantic Web Conference (ESWC)},
  pages={593--607},
  year={2018},
}

% [Yunqiu Xu] arch - ddqn
@inproceedings{hasselt2016doubledqn,
  title={Deep reinforcement learning with double Q-Learning},
  author={Hasselt, Hado van and Guez, Arthur and Silver, David},
  booktitle={Proceedings of the AAAI Conference on Artificial Intelligence (AAAI)},
  volume={30},
  pages={2094--2100},
  year={2016},
  
}

% [Yunqiu Xu] arch - per
@article{schaul2015per,
  title={Prioritized experience replay},
  author={Schaul, Tom and Quan, John and Antonoglou, Ioannis and Silver, David},
  journal={arXiv preprint arXiv:1511.05952},
  year={2015}
}

% [Yunqiu Xu] exp comparison - qanet
@article{yu2018qanet,
  title={Qanet: Combining local convolution with global self-attention for reading comprehension},
  author={Yu, Adams Wei and Dohan, David and Luong, Minh-Thang and Zhao, Rui and Chen, Kai and Norouzi, Mohammad and Le, Quoc V},
  journal={arXiv preprint arXiv:1804.09541},
  year={2018}
}

% [Yunqiu Xu] related work --> equal to textworld and jericho
@inproceedings{urbanek2019light,
    title = "Learning to Speak and Act in a Fantasy Text Adventure Game",
    author = {Urbanek, Jack  and
      Fan, Angela  and
      Karamcheti, Siddharth  and
      Jain, Saachi  and
      Humeau, Samuel  and
      Dinan, Emily  and
      Rockt{\"a}schel, Tim  and
      Kiela, Douwe  and
      Szlam, Arthur  and
      Weston, Jason},
    booktitle = "Proceedings of the Conference on Empirical Methods in Natural Language Processing (EMNLP)",
    year = "2019",
    url = "https://aclanthology.org/D19-1062",
    doi = "10.18653/v1/D19-1062",
    pages = "673--683",
}

% ----- general generalization
% [Yunqiu Xu] generalization (general RL)
@inproceedings{cobbe2019rlgeneralization,
  title={Quantifying generalization in reinforcement learning},
  author={Cobbe, Karl and Klimov, Oleg and Hesse, Chris and Kim, Taehoon and Schulman, John},
  booktitle={International Conference on Machine Learning (ICML)},
  pages={1282--1289},
  year={2019},
  volume = {97},
}


% [Yunqiu Xu] generalization (general RL)
@inproceedings{cobbe2020rlgeneralization,
  title={Leveraging procedural generation to benchmark reinforcement learning},
  author={Cobbe, Karl and Hesse, Chris and Hilton, Jacob and Schulman, John},
  booktitle={International conference on machine learning},
  pages={2048--2056},
  year={2020},
  organization={PMLR}
}

@inproceedings{song2020rlgeneralization,
title={Observational Overfitting in Reinforcement Learning},
author={Xingyou Song and Yiding Jiang and Stephen Tu and Yilun Du and Behnam Neyshabur},
booktitle={International Conference on Learning Representations},
year={2020},
url={https://openreview.net/forum?id=HJli2hNKDH}
}

@inproceedings{rakelly2019meta,
  title={Efficient off-policy meta-reinforcement learning via probabilistic context variables},
  author={Rakelly, Kate and Zhou, Aurick and Finn, Chelsea and Levine, Sergey and Quillen, Deirdre},
  booktitle={International conference on machine learning},
  pages={5331--5340},
  year={2019},
  organization={PMLR}
}

@inproceedings{lan2019meta,
  title={Meta reinforcement learning with task embedding and shared policy},
  author={Lan, Lin and Li, Zhenguo and Guan, Xiaohong and Wang, Pinghui},
  booktitle={Proceedings of the 28th International Joint Conference on Artificial Intelligence},
  pages={2794--2800},
  year={2019},
  organization={AAAI Press}
}

@inproceedings{yang2019meta,
  title={Single Episode Policy Transfer in Reinforcement Learning},
  author={Yang, Jiachen and Petersen, Brenden and Zha, Hongyuan and Faissol, Daniel},
  booktitle={International Conference on Learning Representations},
  year={2019}
}


% [Yunqiu Xu] [20210120] count-based + XingdiYuan
@article{zhang2020counting,
  title={BeBold: Exploration Beyond the Boundary of Explored Regions},
  author={Zhang, Tianjun and Xu, Huazhe and Wang, Xiaolong and Wu, Yi and Keutzer, Kurt and Gonzalez, Joseph E and Tian, Yuandong},
  journal={arXiv preprint arXiv:2012.08621},
  year={2020}
}

@inproceedings{bellemare2016counting,
  title={Unifying count-based exploration and intrinsic motivation},
  author={Bellemare, Marc and Srinivasan, Sriram and Ostrovski, Georg and Schaul, Tom and Saxton, David and Munos, Remi},
  booktitle={Advances in Neural Information Processing Systems (NeurIPS)},
  pages={1471--1479},
  volume={29},
  year={2016}
}

@inproceedings{bellemare2012contingency,
  title={Investigating contingency awareness using Atari 2600 games},
  author={Bellemare, Marc and Veness, Joel and Bowling, Michael},
  booktitle={Proceedings of the AAAI Conference on Artificial Intelligence},
  volume={26},
  number={1},
  year={2012}
}

@inproceedings{choi2018contingency,
  title={Contingency-Aware Exploration in Reinforcement Learning},
  author={Choi, Jongwook and Guo, Yijie and Moczulski, Marcin and Oh, Junhyuk and Wu, Neal and Norouzi, Mohammad and Lee, Honglak},
  booktitle={International Conference on Learning Representations},
  year={2018}
}
% [Yunqiu Xu] [20210120] count-based END

% [Yunqiu Xu] --- [20210122] MTL-related
% Here schedule / remember to cite those in my TNNLS
@inproceedings{bengio2009curriculum,
  title={Curriculum learning},
  author={Bengio, Yoshua and Louradour, J{\'e}r{\^o}me and Collobert, Ronan and Weston, Jason},
  booktitle={International Conference on Machine Learning (ICML)},
  pages={41--48},
  year={2009}
}

% [Yunqiu Xu] [20210122] KG-related (NLP)
@inproceedings{hixon2015kginNLP,
  title={Learning knowledge graphs for question answering through conversational dialog},
  author={Hixon, Ben and Clark, Peter and Hajishirzi, Hannaneh},
  booktitle={Proceedings of the 2015 Conference of the North American Chapter of the Association for Computational Linguistics: Human Language Technologies},
  pages={851--861},
  year={2015}
}

@article{koncel2019kginNLP,
  title={Text generation from knowledge graphs with graph transformers},
  author={Koncel-Kedziorski, Rik and Bekal, Dhanush and Luan, Yi and Lapata, Mirella and Hajishirzi, Hannaneh},
  journal={arXiv preprint arXiv:1904.02342},
  year={2019}
}

@inproceedings{moon2019kginNLP,
  title={Opendialkg: Explainable conversational reasoning with attention-based walks over knowledge graphs},
  author={Moon, Seungwhan and Shah, Pararth and Kumar, Anuj and Subba, Rajen},
  booktitle={Proceedings of the 57th Annual Meeting of the Association for Computational Linguistics},
  pages={845--854},
  year={2019}
}





% [Yunqiu Xu] --- [20210122] hrl related
% I will add something about goal-directed RL and HRL
@inproceedings{ammanabrolu2019quest,
    title = "Toward Automated Quest Generation in Text-Adventure Games",
    author={Ammanabrolu, Prithviraj and Broniec, William and Mueller, Alex and Paul, Jeremy and Riedl, Mark O},
    booktitle = "Proceedings of the 4th Workshop on Computational Creativity in Language Generation",
    year = "2019",
    url = "https://www.aclweb.org/anthology/2019.ccnlg-1.1",
    pages = "1--12",
}

% quest generation
@inproceedings{ammanabrolu2020quest,
    title = "How to Motivate Your Dragon: Teaching Goal-Driven Agents to Speak and Act in Fantasy Worlds",
    author = {Ammanabrolu, Prithviraj  and
      Urbanek, Jack  and
      Li, Margaret  and
      Szlam, Arthur  and
      Rockt{\"a}schel, Tim  and
      Weston, Jason},
    booktitle = "Proceedings of Conference of the North American Chapter of the Association for Computational Linguistics: Human Language Technologies (NAACL-HLT)",
    year = "2021",
    url = "https://aclanthology.org/2021.naacl-main.64",
    doi = "10.18653/v1/2021.naacl-main.64",
    pages = "807--833"
}


@article{kulkarni2016hrl,
  title={Hierarchical deep reinforcement learning: Integrating temporal abstraction and intrinsic motivation},
  author={Kulkarni, Tejas D and Narasimhan, Karthik and Saeedi, Ardavan and Tenenbaum, Josh},
  journal={Advances in Neural Information Processing Systems (NeurIPS)},
  volume={29},
  pages={3675--3683},
  year={2016}
}

% major baseline, goal, language, hrl
@inproceedings{jiang2019hrl,
  title={Language as an abstraction for hierarchical deep reinforcement learning},
  author={Jiang, Yiding and Gu, Shixiang Shane and Murphy, Kevin P and Finn, Chelsea},
  booktitle={Advances in Neural Information Processing Systems (NeurIPS)},
  volume={32},
  pages={9419--9431},
  year={2019}
}

% hrl + goal, no language
@inproceedings{nachum2018hrl,
  title={Data-efficient hierarchical reinforcement learning},
  author={Nachum, Ofir and Gu, Shixiang Shane and Lee, Honglak and Levine, Sergey},
  booktitle = {Advances in Neural Information Processing Systems (NeurIPS)},
  pages={3303--3313},
 volume = {31},
 year = {2018}
}

% goal, language hrl
@inproceedings{shu2018hrl,
title={Hierarchical and Interpretable Skill Acquisition in Multi-task Reinforcement Learning},
author={Tianmin Shu and Caiming Xiong and Richard Socher},
booktitle={International Conference on Learning Representations (ICLR)},
year={2018},
url={https://openreview.net/forum?id=SJJQVZW0b},
}

% language hrl
@inproceedings{das2018hrl,
  title={Neural modular control for embodied question answering},
  author={Das, Abhishek and Gkioxari, Georgia and Lee, Stefan and Parikh, Devi and Batra, Dhruv},
  booktitle={Conference on Robot Learning},
  pages={53--62},
  year={2018},
  organization={PMLR}
}

% hrl no goal old
@article{sutton1999hrl,
  title={Between MDPs and semi-MDPs: A framework for temporal abstraction in reinforcement learning},
  author={Sutton, Richard S and Precup, Doina and Singh, Satinder},
  journal={Artificial intelligence},
  volume={112},
  number={1-2},
  pages={181--211},
  year={1999}
}

% hrl no goal old
@article{barto2003hrl,
  title={Recent advances in hierarchical reinforcement learning},
  author={Barto, Andrew G and Mahadevan, Sridhar},
  journal={Discrete event dynamic systems},
  volume={13},
  number={1},
  pages={41--77},
  year={2003},
  publisher={Springer}
}

% goal-directed, HER-related
@inproceedings{andrychowicz2017her,
  title={Hindsight experience replay},
  author = {Andrychowicz, Marcin and Wolski, Filip and Ray, Alex and Schneider, Jonas and Fong, Rachel and Welinder, Peter and McGrew, Bob and Tobin, Josh and Abbeel, Pieter and Zaremba, Wojciech},
  booktitle={Advances in Neural Information Processing Systems (NeurIPS)},
  pages={5048--5058},
  volume={30},
  year={2017}
}

% HER-related
% language as goal-directed, but no HRL (sub-policy only)
@article{chan2019actrce,
  title={ACTRCE: Augmenting Experience via Teacher's Advice For Multi-Goal Reinforcement Learning},
  author={Chan, Harris and Wu, Yuhuai and Kiros, Jamie and Fidler, Sanja and Ba, Jimmy},
  journal={arXiv preprint arXiv:1902.04546},
  year={2019}
}

% HER-related
% goal-directed
@inproceedings{fang2019dher,
title={{DHER}: Hindsight Experience Replay for Dynamic Goals},
author={Meng Fang and Cheng Zhou and Bei Shi and Boqing Gong and Jia Xu and Tong Zhang},
booktitle={International Conference on Learning Representations (ICLR)},
year={2019},
url={https://openreview.net/forum?id=Byf5-30qFX},
}

% HER-related
% goal-directed
@inproceedings{fang2019curriculum,
  title={Curriculum-guided Hindsight Experience Replay},
  author={Fang, Meng and Zhou, Tianyi and Du, Yali and Han, Lei and Zhang, Zhengyou},
  booktitle={Advances in Neural Information Processing Systems (NeurIPS)},
  volume={32},
  pages={12602--12613},
  year={2019}
}

% goal-directed
@inproceedings{schaul2015uvfa,
  title={Universal value function approximators},
  author={Schaul, Tom and Horgan, Daniel and Gregor, Karol and Silver, David},
  booktitle={International conference on machine learning},
  pages={1312--1320},
  year={2015}
}

% goal-directed old rl
@inproceedings{kaelbling1993goal,
  title={Learning to achieve goals},
  author={Kaelbling, Leslie Pack},
  booktitle={Proceedings of the International Joint Conference on Artificial Intelligence (IJCAI)},
  pages={1094--1098},
  year={1993}
}

% goal-directed, language as goal
@inproceedings{bahdanau2018goal_language,
title={Learning to Understand Goal Specifications by Modelling Reward},
author={Dzmitry Bahdanau and Felix Hill and Jan Leike and Edward Hughes and Pushmeet Kohli and Edward Grefenstette},
booktitle={International Conference on Learning Representations (ICLR)},
year={2019},
url={https://openreview.net/forum?id=H1xsSjC9Ym},
}

% goal-directed, language as goal
@inproceedings{fu2018goal_language,
title={From Language to Goals: Inverse Reinforcement Learning for Vision-Based Instruction Following},
author={Justin Fu and Anoop Korattikara and Sergey Levine and Sergio Guadarrama},
booktitle={International Conference on Learning Representations (ICLR)},
year={2019},
url={https://openreview.net/forum?id=r1lq1hRqYQ},
}

% language for RL --> check luketina
@article{chevalier2018babyai,
  title={BabyAI: First steps towards grounded language learning with a human in the loop},
  author={Chevalier-Boisvert, Maxime and Bahdanau, Dzmitry and Lahlou, Salem and Willems, Lucas and Saharia, Chitwan and Nguyen, Thien Huu and Bengio, Yoshua},
  journal={arXiv preprint arXiv:1810.08272},
  year={2018}
}

@inproceedings{chen2021askyourhumans,
title={Ask Your Humans: Using Human Instructions to Improve Generalization in Reinforcement Learning},
author={Valerie Chen and Abhinav Gupta and Kenneth Marino},
booktitle={International Conference on Learning Representations (ICLR)},
year={2021},
url={https://openreview.net/forum?id=Y87Ri-GNHYu}
}



@InProceedings{vezhnevets2017hrl_feudal,
  title = 	 {{F}e{U}dal Networks for Hierarchical Reinforcement Learning},
  author =       {Alexander Sasha Vezhnevets and Simon Osindero and Tom Schaul and Nicolas Heess and Max Jaderberg and David Silver and Koray Kavukcuoglu},
  booktitle = 	 {International Conference on Machine Learning (ICML)},
  pages = 	 {3540--3549},
  year = 	 {2017},
  volume = 	 {70},
}



@inproceedings{dayan1992hrl_feudal,
 author = {Dayan, Peter and Hinton, Geoffrey E},
 booktitle = {Advances in Neural Information Processing Systems (NeurIPS)},
 pages = {},
 title = {Feudal Reinforcement Learning},
 volume = {5},
 year = {1992}
}

@article{vinyals2019alphastar,
  title={Grandmaster level in StarCraft II using multi-agent reinforcement learning},
  author={Vinyals, Oriol and Babuschkin, Igor and Czarnecki, Wojciech M and Mathieu, Micha{\"e}l and Dudzik, Andrew and Chung, Junyoung and Choi, David H and Powell, Richard and Ewalds, Timo and Georgiev, Petko and others},
  journal={Nature},
  volume={575},
  number={7782},
  pages={350--354},
  year={2019}
}

% [Yunqiu Xu] [20210903] Add HRL for dialogue system
@inproceedings{peng2017HRLforDialogue,
  title={Composite Task-Completion Dialogue Policy Learning via Hierarchical Deep Reinforcement Learning},
  author={Peng, Baolin and Li, Xiujun and Li, Lihong and Gao, Jianfeng and Celikyilmaz, Asli and Lee, Sungjin and Wong, Kam-Fai},
  booktitle={Proceedings of the Conference on Empirical Methods in Natural Language Processing (EMNLP)},
    url = "https://aclanthology.org/D17-1237",
    doi = "10.18653/v1/D17-1237",
    pages = "2231--2240",
  year={2017}
}

@inproceedings{saleh2020HRLforDialogue,
  title={Hierarchical reinforcement learning for open-domain dialog},
  author={Saleh, Abdelrhman and Jaques, Natasha and Ghandeharioun, Asma and Shen, Judy and Picard, Rosalind},
  booktitle={Proceedings of the AAAI Conference on Artificial Intelligence (AAAI)},
  volume={34},
  pages={8741--8748},
  year={2020}
}

