@article{manole2021plugin,
  title={Plugin estimation of smooth optimal transport maps},
  author={Manole, Tudor and Balakrishnan, Sivaraman and Niles-Weed, Jonathan and Wasserman, Larry},
  journal={arXiv preprint arXiv:2107.12364},
  year={2021}
}


@article{muzellec2021near,
  title={Near-optimal estimation of smooth transport maps with kernel sums-of-squares},
  author={Muzellec, Boris and Vacher, Adrien and Bach, Francis and Vialard, Fran{\c{c}}ois-Xavier and Rudi, Alessandro},
  journal={arXiv preprint arXiv:2112.01907},
  year={2021}
}

@article{aharon2006k,
  title={K-{SVD}: An algorithm for designing overcomplete dictionaries for sparse representation},
  author={Aharon, Michal and Elad, Michael and Bruckstein, Alfred},
  journal={IEEE Transactions on Signal Processing},
  volume={54},
  number={11},
  pages={4311--4322},
  year={2006},
  publisher={IEEE}
}

@article{popoviciu1935equations,
  title={Sur les {\'e}quations alg{\'e}briques ayant toutes leurs racines r{\'e}elles},
  author={Popoviciu, Tiberiu},
  journal={Mathematica},
  volume={9},
  pages={129--145},
  year={1935}
}

@article{le2017existence,
  title={Existence and consistency of {W}asserstein barycenters},
  author={Le Gouic, Thibaut and Loubes, Jean-Michel},
  journal={Probability Theory and Related Fields},
  volume={168},
  number={3},
  pages={901--917},
  year={2017},
  publisher={Springer}
}

@article{hutter2021minimax,
  title={Minimax estimation of smooth optimal transport maps},
  author={H{\"u}tter, Jan-Christian and Rigollet, Philippe},
  journal={The Annals of Statistics},
  volume={49},
  number={2},
  pages={1166--1194},
  year={2021},
  publisher={Institute of Mathematical Statistics}
}

@inproceedings{huang2016supervised,
  title={Supervised word mover's distance},
  author={Huang, Gao and Quo, Chuan and Kusner, Matt J and Sun, Yu and Weinberger, Kilian Q and Sha, Fei},
  booktitle={Advances in Neural Information Processing 
  Systems},
  pages={4869--4877},
  year={2016}
}

@inproceedings{mikolov2013distributed,
  title={Distributed representations of words and phrases and their compositionality},
  author={Mikolov, Tomas and Sutskever, Ilya and Chen, Kai and Corrado, Greg S and Dean, Jeff},
  booktitle={Advances in Neural Information Processing Systems},
  pages={3111--3119},
  year={2013}
}

@misc{peyre2020computational,
      title={Computational Optimal Transport}, 
      author={Gabriel Peyré and Marco Cuturi},
      year={2020},
      eprint={1803.00567},
      archivePrefix={arXiv},
      primaryClass={stat.ML}
}

@phdthesis{genevay2019entropy,
  title={Entropy-regularized optimal transport for machine learning},
  author={Genevay, Aude},
  year={2019},
  school={Paris Sciences et Lettres (ComUE)}
}

@article{schmitz2018wasserstein,
  title={Wasserstein dictionary learning: optimal transport-based unsupervised nonlinear dictionary learning},
  author={Schmitz, Morgan A and Heitz, Matthieu and Bonneel, Nicolas and Ngole, Fred and Coeurjolly, David and Cuturi, Marco and Peyr{\'e}, Gabriel and Starck, Jean-Luc},
  journal={SIAM Journal on Imaging Sciences},
  volume={11},
  number={1},
  pages={643--678},
  year={2018},
  publisher={SIAM}
}

@inproceedings{redko2019optimal,
  title={Optimal transport for multi-source domain adaptation under target shift},
  author={Redko, Ievgen and Courty, Nicolas and Flamary, R{\'e}mi and Tuia, Devis},
  booktitle={International Conference on Artificial Intelligence and Statistics},
  pages={849--858},
  year={2019},
  organization={PMLR}
}

@article{colombo2021automatic,
  title={Automatic text evaluation through the lens of {W}asserstein barycenters},
  author={Colombo, Pierre and Staerman, Guillaume and Clavel, Chloe and Piantanida, Pablo},
  journal={arXiv preprint arXiv:2108.12463},
  year={2021}
}

@inproceedings{cuturi2014fast,
  title={Fast computation of {W}asserstein barycenters},
  author={Cuturi, Marco and Doucet, Arnaud},
  booktitle={International Conference on Machine Learning},
  pages={685--693},
  year={2014},
  organization={PMLR}
}

@inproceedings{altschuler2017near,
  title={Near-linear time approximation algorithms for optimal transport via {S}inkhorn iteration},
  author={Altschuler, Jason and Weed, Jonathan and Rigollet, Philippe},
  booktitle={NIPS},
  year={2017}
}

@article{deb2021rates,
  title={Rates of estimation of optimal transport maps using plug-in estimators via barycentric projections},
  author={Deb, Nabarun and Ghosal, Promit and Sen, Bodhisattva},
  journal={Advances in Neural Information Processing Systems},
  volume={34},
  year={2021}
}

@article{gunsilius_2021,
title={ON THE CONVERGENCE RATE OF POTENTIALS OF BRENIER MAPS},
journal={Econometric Theory},
publisher={Cambridge University Press}, 
author={Gunsilius, Florian F.}, 
year={2021}, 
pages={1–37}
}

@inproceedings{lin2019efficient,
  title={On efficient optimal transport: An analysis of greedy and accelerated mirror descent algorithms},
  author={Lin, Tianyi and Ho, Nhat and Jordan, Michael},
  booktitle={International Conference on Machine Learning},
  pages={3982--3991},
  year={2019},
  organization={PMLR}
}

@article{solomon2015convolutional,
  title={Convolutional {W}asserstein distances: Efficient optimal transportation on geometric domains},
  author={Solomon, Justin and De Goes, Fernando and Peyr{\'e}, Gabriel and Cuturi, Marco and Butscher, Adrian and Nguyen, Andy and Du, Tao and Guibas, Leonidas},
  journal={ACM Transactions on Graphics (TOG)},
  volume={34},
  number={4},
  pages={1--11},
  year={2015},
  publisher={ACM New York, NY, USA}
}

@article{yang2021fast,
  title={A Fast Globally Linearly Convergent Algorithm for the Computation of {W}asserstein Barycenters.},
  author={Yang, Lei and Li, Jia and Sun, Defeng and Toh, Kim-Chuan},
  journal={Journal of Machine Learning Research},
  volume={22},
  number={21},
  pages={1--37},
  year={2021}
}

@inproceedings{cheng2021dynamical,
  title={Dynamical {W}asserstein Barycenters for Time-series Modeling},
  author={Cheng, Kevin and Aeron, Shuchin and Hughes, Michael C and Miller, Eric},
  booktitle={Advances in Neural Information Processing Systems},
  volume={34},
  year={2021}
}

@inproceedings{xu2018distilled,
  title={Distilled {W}asserstein learning for word embedding and topic modeling},
  author={Xu, Hongteng and Wang, Wenlin and Liu, Wei and Carin, Lawrence},
  booktitle={Advances in Neural Information Processing Systems},
  pages={1716--1725},
  year={2018},
}

@inproceedings{singh2020context,
  title={Context mover’s distance \& barycenters: Optimal transport of contexts for building representations},
  author={Singh, Sidak Pal and Hug, Andreas and Dieuleveut, Aymeric and Jaggi, Martin},
  booktitle={International Conference on Artificial Intelligence and Statistics},
  pages={3437--3449},
  year={2020},
  organization={PMLR}
}

@inproceedings{montesuma2021wasserstein,
  title={Wasserstein Barycenter for Multi-Source Domain Adaptation},
  author={Montesuma, Eduardo Fernandes and Mboula, Fred Maurice Ngole},
  booktitle={IEEE/CVF Conference on Computer Vision and Pattern Recognition},
  pages={16785--16793},
  year={2021}
}

@book{mallat1999wavelet,
  title={A wavelet tour of signal processing},
  author={Mallat, St{\'e}phane},
  year={1999},
  publisher={Elsevier}
}

@article{donoho2006compressed,
  title={Compressed sensing},
  author={Donoho, David L},
  journal={IEEE Transactions on Information Theory},
  volume={52},
  number={4},
  pages={1289--1306},
  year={2006},
  publisher={IEEE}
}

@article{chizat2020faster,
  title={Faster {W}asserstein distance estimation with the {S}inkhorn divergence},
  author={Chizat, Lenaic and Roussillon, Pierre and L{\'e}ger, Flavien and Vialard, Fran{\c{c}}ois-Xavier and Peyr{\'e}, Gabriel},
  journal={arXiv preprint arXiv:2006.08172},
  year={2020}
}

@article{brenier1991polar,
    author = {Brenier, Yann},
    title = {Polar factorization and monotone rearrangement of vector-valued functions},
    journal = {Communications on Pure and Applied Mathematics},
    volume = {44},
    number = {4},
    pages = {375-417},
    year = {1991}
}

@article{tovsic2011dictionary,
  title={Dictionary learning},
  author={To{\v{s}}i{\'c}, Ivana and Frossard, Pascal},
  journal={IEEE Signal Processing Magazine},
  volume={28},
  number={2},
  pages={27--38},
  year={2011},
  publisher={IEEE}
}

@article{cuturi2013sinkhorn,
  title={Sinkhorn distances: Lightspeed computation of optimal transport},
  author={Cuturi, Marco},
  journal={Advances in Neural Information Processing Systems},
  volume={26},
  pages={2292--2300},
  year={2013}
}

@article{musolas2021geodesically,
  title={Geodesically parameterized covariance estimation},
  author={Musolas, Antoni and Smith, Steven T and Marzouk, Youssef},
  journal={SIAM Journal on Matrix Analysis and Applications},
  volume={42},
  number={2},
  pages={528--556},
  year={2021},
  publisher={SIAM}
}

@article{pooladian2021entropic,
      title={Entropic estimation of optimal transport maps}, 
      author={Aram-Alexandre Pooladian and Jonathan Niles-Weed},
      year={2021},
      journal={arXiv: 2109.12004}
}

@inproceedings{weed2019estimation,
  title={Estimation of smooth densities in {W}asserstein distance},
  author={Weed, Jonathan and Berthet, Quentin},
  booktitle={Conference on Learning Theory},
  pages={3118--3119},
  year={2019},
  organization={PMLR}
}

@article{moosmuller2020linear,
  title={Linear Optimal Transport Embedding: Provable fast {W}asserstein distance computation and classification for nonlinear problems},
  author={Moosm{\"u}ller, Caroline and Cloninger, Alexander},
  journal={arXiv preprint arXiv:2008.09165},
  year={2020}
}

@inproceedings{forrow2019statistical,
  title={Statistical optimal transport via factored couplings},
  author={Forrow, Aden and H{\"u}tter, Jan-Christian and Nitzan, Mor and Rigollet, Philippe and Schiebinger, Geoffrey and Weed, Jonathan},
  booktitle={The 22nd International Conference on Artificial Intelligence and Statistics},
  pages={2454--2465},
  year={2019},
  organization={PMLR}
}

@article{niles2019estimation,
  title={Estimation of {W}asserstein distances in the spiked transport model},
  author={Niles-Weed, Jonathan and Rigollet, Philippe},
  journal={arXiv preprint arXiv:1909.07513},
  year={2019}
}

@inproceedings{claici2018stochastic,
  title={Stochastic {W}asserstein barycenters},
  author={Claici, Sebastian and Chien, Edward and Solomon, Justin},
  booktitle={International Conference on Machine Learning},
  pages={999--1008},
  year={2018},
  organization={PMLR}
}

@article{frechet1948elements,
  title={Les {\'e}l{\'e}ments al{\'e}atoires de nature quelconque dans un espace distanci{\'e}},
  author={Fr{\'e}chet, Maurice},
  journal={Annales de l'institut {H}enri {P}oincar{\'e}},
  volume={10},
  number={4},
  pages={215--310},
  year={1948}
}


@article{karcher1977riemannian,
  title={Riemannian center of mass and mollifier smoothing},
  author={Karcher, Hermann},
  journal={Communications on Pure and Applied Mathematics},
  volume={30},
  number={5},
  pages={509--541},
  year={1977},
  publisher={Wiley Online Library}
}

@article{frank2018what,
    author = {Nielsen, Frank},
    year = {2018},
    month = {03},
    pages = {1},
    title = {WHAT IS...an Information Projection?},
    volume = {65},
    journal = {Notices of the American Mathematical Society},
    doi = {10.1090/noti1647}
}

@article{bartholomew2000automatic,
    author = {Bartholomew-Biggs, Michael and Brown, Steven and Christianson, Bruce and Dixon, Laurence},
    year = {2000},
    month = {12},
    pages = {171-190},
    title = {Automatic differentiation of algorithms},
    volume = {124},
    journal = {Journal of Computational and Applied Mathematics},
}

@article{lecun1998mnist,
  title={The {MNIST} database of handwritten digits},
  author={LeCun, Yann},
  journal={http://yann. lecun. com/exdb/mnist/},
  year={1998}
}

@article{benamou2015iterative,
  title={Iterative {B}regman projections for regularized transportation problems},
  author={Benamou, Jean-David and Carlier, Guillaume and Cuturi, Marco and Nenna, Luca and Peyr{\'e}, Gabriel},
  journal={SIAM Journal on Scientific Computing},
  volume={37},
  number={2},
  pages={A1111--A1138},
  year={2015},
  publisher={SIAM}
}

@article{patel2015visual,
  title={Visual domain adaptation: A survey of recent advances},
  author={Patel, Vishal M and Gopalan, Raghuraman and Li, Ruonan and Chellappa, Rama},
  journal={IEEE Signal Processing Magazine},
  volume={32},
  number={3},
  pages={53--69},
  year={2015},
  publisher={IEEE}
}

@article{chodera2014markov,
  title={Markov state models of biomolecular conformational dynamics},
  author={Chodera, John D. and No{\'e}, Frank},
  journal={Current Opinion in Structural Biology},
  volume={25},
  pages={135--144},
  year={2014},
  publisher={Elsevier}
}

@book{boyd2004convex,
  title={Convex optimization},
  author={Boyd, Stephen and Boyd, Stephen P and Vandenberghe, Lieven},
  year={2004},
  publisher={Cambridge university press}
}


@book{schwerdtfeger1961introduction,
  title={Introduction to linear algebra and the theory of matrices},
  author={Schwerdtfeger, Hans},
  year={1961},
  publisher={P. Noordhoff}
}


@book{murphy2012machine,
  title={Machine learning: a probabilistic perspective},
  author={Murphy, Kevin P},
  year={2012},
  publisher={MIT press}
}

@inproceedings{kroshnin2019complexity,
  title={On the complexity of approximating {W}asserstein barycenters},
  author={Kroshnin, Alexey and Tupitsa, Nazarii and Dvinskikh, Darina and Dvurechensky, Pavel and Gasnikov, Alexander and Uribe, Cesar},
  booktitle={International Conference on Machine Learning},
  pages={3530--3540},
  year={2019},
  organization={PMLR}
}

@article{mccann1997convexity,
  title={A convexity principle for interacting gases},
  author={McCann, Robert J},
  journal={Advances in Mathematics},
  volume={128},
  number={1},
  pages={153--179},
  year={1997},
  publisher={Elsevier}
}

@article{wilks1938large,
  title={The large-sample distribution of the likelihood ratio for testing composite hypotheses},
  author={Wilks, Samuel S},
  journal={The Annals of Mathematical Statistics},
  volume={9},
  number={1},
  pages={60--62},
  year={1938},
  publisher={JSTOR}
}

@article{tropp2007signal,
  title={Signal recovery from random measurements via orthogonal matching pursuit},
  author={Tropp, Joel A and Gilbert, Anna C},
  journal={IEEE Transactions on information theory},
  volume={53},
  number={12},
  pages={4655--4666},
  year={2007},
  publisher={IEEE}
}

@article{chen2001atomic,
  title={Atomic decomposition by basis pursuit},
  author={Chen, Scott Shaobing and Donoho, David L and Saunders, Michael A},
  journal={SIAM review},
  volume={43},
  number={1},
  pages={129--159},
  year={2001},
  publisher={SIAM}
}


@article{weed2019sharp,
  title={Sharp asymptotic and finite-sample rates of convergence of empirical measures in {W}asserstein distance},
  author={Weed, Jonathan and Bach, Francis},
  journal={Bernoulli},
  volume={25},
  number={4A},
  pages={2620--2648},
  year={2019},
  publisher={Bernoulli Society for Mathematical Statistics and Probability}
}

@article{dudley1969speed,
  title={The speed of mean {G}livenko-{C}antelli convergence},
  author={Dudley, Richard Mansfield},
  journal={The Annals of Mathematical Statistics},
  volume={40},
  number={1},
  pages={40--50},
  year={1969},
  publisher={JSTOR}
}




% Some papers on coding problems

@article{olshausen2004sparse,
  title={Sparse coding of sensory inputs},
  author={Olshausen, Bruno A. and Field, David J.},
  journal={Current Opinion in Neurobiology},
  volume={14},
  number={4},
  pages={481--487},
  year={2004},
  publisher={Elsevier}
}

@article{hoyer2004non,
  title={Non-negative matrix factorization with sparseness constraints.},
  author={Hoyer, Patrik O},
  journal={Journal of machine learning research},
  volume={5},
  number={9},
  year={2004}
}

@inproceedings{lee2007efficient,
  title={Efficient sparse coding algorithms},
  author={Lee, Honglak and Battle, Alexis and Raina, Rajat and Ng, Andrew Y},
  booktitle={Advances in Neural Information Processing Systems},
  pages={801--808},
  year={2007}
}

@article{donoho1994ideal,
  title={Ideal spatial adaptation by wavelet shrinkage},
  author={Donoho, David L and Johnstone, Jain M},
  journal={Biometrika},
  volume={81},
  number={3},
  pages={425--455},
  year={1994},
  publisher={Oxford University Press}
}

%%%

@article{bigot2018characterization,
  title={Characterization of barycenters in the {W}asserstein space by averaging optimal transport maps},
  author={Bigot, J{\'e}r{\'e}mie and Klein, Thierry},
  journal={ESAIM: Probability and Statistics},
  volume={22},
  pages={35--57},
  year={2018},
  publisher={EDP Sciences}
}

@book{villani2003topics,
    title={Topics in Optimal Transportation},
    author={Villani, Cedric},
    year={2003},
    series={Graduate studies in mathematics},
    publisher={American Mathematical Society}
}

@book{santambrogio2015optimal,
    title={Optimal Transport for Applied Mathematicians: Calculus of Variations, PDEs, and Modeling},
    author={Santambrogio, F.},
    series={Progress in Nonlinear Differential Equations and Their Applications},
    year={2015},
    publisher={Springer International Publishing}
}

@book{ambrosio2005gradient,
    title={Gradient Flows: In Metric Spaces and in the Space of Probability Measures},
    author={Ambrosio, Luigi and Gigli, Nicola and Savare, Giuseppe},
    series={Lectures in Mathematics. ETH Z{\"u}rich},
    year={2005},
    publisher={Birkh{\"a}user Basel}
}

@article{agueh2011barycenters,
    author = {Agueh, Martial and Carlier, Guillaume},
    title = {Barycenters in the {W}asserstein Space},
    journal = {SIAM Journal on Mathematical Analysis},
    volume = {43},
    number = {2},
    pages = {904-924},
    year = {2011},
}

@book{panaretos2020invitation,
    title={An invitation to statistics in {W}asserstein space},
    author={Panaretos, Victor M and Zemel, Yoav},
    year={2020},
    publisher={Springer Nature}
}

@inproceedings{rabin2011wasserstein,
  title={Wasserstein barycenter and its application to texture mixing},
  author={Rabin, Julien and Peyr{\'e}, Gabriel and Delon, Julie and Bernot, Marc},
  booktitle={International Conference on Scale Space and Variational Methods in Computer Vision},
  pages={435--446},
  year={2011},
  organization={Springer}
}

@article{bonneel2015sliced,
  title={Sliced and {R}adon {W}asserstein barycenters of measures},
  author={Bonneel, Nicolas and Rabin, Julien and Peyr{\'e}, Gabriel and Pfister, Hanspeter},
  journal={Journal of Mathematical Imaging and Vision},
  volume={51},
  number={1},
  pages={22--45},
  year={2015},
  publisher={Springer}
}

@article{alvarez2016fixed,
  title={A fixed-point approach to barycenters in {W}asserstein space},
  author={{\'A}lvarez-Esteban, Pedro C. and Del Barrio, E. and Cuesta-Albertos, JA and Matr{\'a}n, C},
  journal={Journal of Mathematical Analysis and Applications},
  volume={441},
  number={2},
  pages={744--762},
  year={2016},
  publisher={Elsevier}
}

@misc{malago2018wasserstein,
  title={Wasserstein {R}iemannian Geometry of Positive Definite Matrices}, 
  author={Luigi Malagò and Luigi Montrucchio and Giovanni Pistone},
  year={2018},
  eprint={1801.09269},
  archivePrefix={arXiv},
  primaryClass={math.ST}
}



@article{schmitz2018dictionary,
    author = {Schmitz, Morgan A. and Heitz, Matthieu and Bonneel, Nicolas and Ngolè, Fred and Coeurjolly, David and Cuturi, Marco and Peyré, Gabriel and Starck, Jean-Luc},
    title = {Wasserstein Dictionary Learning: Optimal Transport-Based Unsupervised Nonlinear Dictionary Learning},
    journal = {SIAM Journal on Imaging Sciences},
    volume = {11},
    number = {1},
    pages = {643-678},
    year = {2018},
}

@article{bonneel2016coordinates,
  title = {{Wasserstein barycentric coordinates: histogram regression using optimal transport}},
  author = {Bonneel, Nicolas and Peyr{\'e}, Gabriel and Cuturi, Marco},
  JOURNAL = {{ACM Transactions on Graphics}},
  PUBLISHER = {{Association for Computing Machinery}},
  VOLUME = {35},
  NUMBER = {4},
  PAGES = {71:1--71:10},
  YEAR = {2016},
}

@article{rippl2016limit,
  author={Rippl, Thomas and Munk, Axel and Sturm, Anja},
  title={{Limit laws of the empirical {W}asserstein distance: Gaussian distributions}},
  journal={Journal of Multivariate Analysis},
  year=2016,
  volume={151},
  number={C},
  pages={90-109},
  month={},
  keywords={Mallow’s metric; Transport metric; Delta method; Limit theorem; Goodness-of-fit; Fréchet derivative;},
  doi={10.1016/j.jmva.2016.06.00},
  url={https://ideas.repec.org/a/eee/jmvana/v151y2016icp90-109.html}
}

@article{takatsu2011wasserstein,
    author = {Asuka Takatsu},
    title = {{Wasserstein geometry of {G}aussian measures}},
    volume = {48},
    journal = {Osaka Journal of Mathematics},
    number = {4},
    publisher = {Osaka University and Osaka City University, Departments of Mathematics},
    pages = {1005 -- 1026},
    year = {2011},
    doi = {ojm/1326291215},
    URL = {https://doi.org/}
}

@article{bhatia2019bures,
    title = {On the {B}ures–{W}asserstein distance between positive definite matrices},
    journal = {Expositiones Mathematicae},
    volume = {37},
    number = {2},
    pages = {165-191},
    year = {2019},
    issn = {0723-0869},
    doi = {https://doi.org/10.1016/j.exmath.2018.01.002},
    url = {https://www.sciencedirect.com/science/article/pii/S0723086918300021},
    author = {Rajendra Bhatia and Tanvi Jain and Yongdo Lim},
    keywords = {Positive definite matrices, Bures distance, Wasserstein metric, Optimal transport, Coupling problem, Fidelity}
}

@inproceedings{chewi2020gradient,
  title={Gradient descent algorithms for {B}ures-{W}asserstein barycenters},
  author={Chewi, Sinho and Maunu, Tyler and Rigollet, Philippe and Stromme, Austin J},
  booktitle={Conference on Learning Theory},
  pages={1276--1304},
  year={2020},
  organization={PMLR}
}

@inproceedings{altschuler2021averaging,
      title={Averaging on the {B}ures-{W}asserstein manifold: dimension-free convergence of gradient descent}, 
      author={Jason M. Altschuler and Sinho Chewi and Patrik Gerber and Austin J. Stromme},
      year={2021},
      booktitle={Advances in Neural Information Processing Systems},
      volume={34}
}


@article{creswell2018generative,
  title={Generative adversarial networks: An overview},
  author={Creswell, Antonia and White, Tom and Dumoulin, Vincent and Arulkumaran, Kai and Sengupta, Biswa and Bharath, Anil A},
  journal={IEEE Signal Processing Magazine},
  volume={35},
  number={1},
  pages={53--65},
  year={2018},
  publisher={IEEE}
}

@inproceedings{daskalakis2018training,
  title={Training GANs with Optimism.},
  author={Daskalakis, Constantinos and Ilyas, Andrew and Syrgkanis, Vasilis and Zeng, Haoyang},
  booktitle={International Conference on Learning Representations},
  year={2018}
}

@inproceedings{kusner2015word,
  title={From word embeddings to document distances},
  author={Kusner, Matt and Sun, Yu and Kolkin, Nicholas and Weinberger, Kilian},
  booktitle={International Conference on Machine Learning},
  pages={957--966},
  year={2015},
  organization={PMLR}
}