@Book{pearl2009causality,
  title     = {Causality},
  publisher = {Cambridge University Press},
  year      = {2009},
  author    = {Pearl, Judea},
}

@Article{altman2015points,
  author  = {Altman, Naomi and Krzywinski, Martin},
  title   = {Points of Significance: Association, correlation and causation.},
  journal = {Nature Methods},
  year    = {2015},
  volume  = {12},
  number  = {10},
}

@misc{hipp2008counterfactuals,
  title={Counterfactuals and causal inference: Methods and principles for social research},
  author={Hipp, John R},
  year={2008},
  publisher={SAGE Publications Sage CA: Los Angeles, CA}
}

@inproceedings{schwab2020learning,
  title={Learning counterfactual representations for estimating individual dose-response curves},
  author={Schwab, Patrick and Linhardt, Lorenz and Bauer, Stefan and Buhmann, Joachim M and Karlen, Walter},
  booktitle={Proceedings of the AAAI Conference on Artificial Intelligence},
  volume={34},
  number={04},
  pages={5612--5619},
  year={2020}
}

@article{pearl1995causal,
  title={Causal diagrams for empirical research},
  author={Pearl, Judea},
  journal={Biometrika},
  volume={82},
  number={4},
  pages={669--688},
  year={1995},
  publisher={Oxford University Press}
}

@book{pearl2014probabilistic,
  title={Probabilistic reasoning in intelligent systems: networks of plausible inference},
  author={Pearl, Judea},
  year={2014},
  publisher={Elsevier}
}

@article{hudgens2008toward,
  title={Toward causal inference with interference},
  author={Hudgens, Michael G and Halloran, M Elizabeth},
  journal={Journal of the American Statistical Association},
  volume={103},
  number={482},
  pages={832--842},
  year={2008},
  publisher={Taylor \& Francis}
}

@book{imbens2015causal,
  title={Causal inference in statistics, social, and biomedical sciences},
  author={Imbens, Guido W and Rubin, Donald B},
  year={2015},
  publisher={Cambridge University Press}
}

@InProceedings{johansson2016learning,
  author       = {Johansson, Fredrik and Shalit, Uri and Sontag, David},
  title        = {Learning representations for counterfactual inference},
  booktitle    = {Proceedings of the International Conference on Machine Learning},
  year         = {2016},
  pages        = {3020--3029},
  organization = {PMLR},
}


@article{rubin1996matching,
  title={Matching using estimated propensity scores: relating theory to practice},
  author={Rubin, Donald B and Thomas, Neal},
  journal={Biometrics},
  pages={249--264},
  year={1996},
  publisher={JSTOR}
}


@article{blyth1972simpson,
  title={On Simpson's paradox and the sure-thing principle},
  author={Blyth, Colin R},
  journal={Journal of the American Statistical Association},
  volume={67},
  number={338},
  pages={364--366},
  year={1972},
  publisher={Taylor \& Francis}
}

@Article{d1998propensity,
  author    = {D'Agostino Jr, Ralph B},
  title     = {Propensity score methods for bias reduction in the comparison of a treatment to a non-randomized control group},
  journal   = {Statistics in Medicine},
  year      = {1998},
  volume    = {17},
  number    = {19},
  pages     = {2265--2281},
  publisher = {Wiley Online Library},
}


@article{rosenbaum1983central,
  title={The central role of the propensity score in observational studies for causal effects},
  author={Rosenbaum, Paul R and Rubin, Donald B},
  journal={Biometrika},
  volume={70},
  number={1},
  pages={41--55},
  year={1983},
  publisher={Oxford University Press}
}

@Article{heckman1998matching,
  author    = {Heckman, James J and Ichimura, Hidehiko and Todd, Petra},
  title     = {Matching as an econometric evaluation estimator},
  journal   = {The Review of Economic Studies},
  year      = {1998},
  volume    = {65},
  number    = {2},
  pages     = {261--294},
  publisher = {Wiley-Blackwell},
}

@Article{robins1994estimation,
  author    = {Robins, James M and Rotnitzky, Andrea and Zhao, Lue Ping},
  title     = {Estimation of regression coefficients when some regressors are not always observed},
  journal   = {Journal of the American Statistical Association},
  year      = {1994},
  volume    = {89},
  number    = {427},
  pages     = {846--866},
  publisher = {Taylor \& Francis},
}


@article{imai2014covariate,
  title={Covariate balancing propensity score},
  author={Imai, Kosuke and Ratkovic, Marc},
  journal={Journal of the Royal Statistical Society: Series B (Statistical Methodology)},
  volume={76},
  number={1},
  pages={243--263},
  year={2014},
  publisher={Wiley Online Library}
}

@article{lavori2000design,
  title={A design for testing clinical strategies: biased adaptive within-subject randomization},
  author={Lavori, Philip W and Dawson, Ree},
  journal={Journal of the Royal Statistical Society: Series A (Statistics in Society)},
  volume={163},
  number={1},
  pages={29--38},
  year={2000},
  publisher={Wiley Online Library}
}


@article{fong2018covariate,
  title={Covariate balancing propensity score for a continuous treatment: Application to the efficacy of political advertisements},
  author={Fong, Christian and Hazlett, Chad and Imai, Kosuke},
  journal={The Annals of Applied Statistics},
  volume={12},
  number={1},
  pages={156--177},
  year={2018},
  publisher={Institute of Mathematical Statistics}
}


@article{li2018balancing,
  title={Balancing covariates via propensity score weighting},
  author={Li, Fan and Morgan, Kari Lock and Zaslavsky, Alan M},
  journal={Journal of the American Statistical Association},
  volume={113},
  number={521},
  pages={390--400},
  year={2018},
  publisher={Taylor \& Francis}
}


@article{bloniarz2016lasso,
  title={Lasso adjustments of treatment effect estimates in randomized experiments},
  author={Bloniarz, Adam and Liu, Hanzhong and Zhang, Cun-Hui and Sekhon, Jasjeet S and Yu, Bin},
  journal={Proceedings of the National Academy of Sciences},
  volume={113},
  number={27},
  pages={7383--7390},
  year={2016},
  publisher={National Acad Sciences}
}

@Article{sauer2013review,
  author    = {Sauer, Brian C and Brookhart, M Alan and Roy, Jason and VanderWeele, Tyler},
  title     = {A review of covariate selection for non-experimental comparative effectiveness research},
  journal   = {Pharmacoepidemiology and Drug Safety},
  year      = {2013},
  volume    = {22},
  number    = {11},
  pages     = {1139--1145},
  publisher = {Wiley Online Library},
}

@article{frangakis2002principal,
  title={Principal stratification in causal inference},
  author={Frangakis, Constantine E and Rubin, Donald B},
  journal={Biometrics},
  volume={58},
  number={1},
  pages={21--29},
  year={2002},
  publisher={Wiley Online Library}
}

@article{hullsiek2002propensity,
  title={Propensity score modeling strategies for the causal analysis of observational data},
  author={Hullsiek, Katherine Huppler and Louis, Thomas A},
  journal={Biostatistics},
  volume={3},
  number={2},
  pages={179--193},
  year={2002},
  publisher={Oxford University Press}
}

@Article{winship1999estimation,
  author    = {Winship, Christopher and Morgan, Stephen L},
  title     = {The estimation of causal effects from observational data},
  journal   = {Annual Review of Sociology},
  year      = {1999},
  volume    = {25},
  number    = {1},
  pages     = {659--706},
  publisher = {Annual Reviews 4139 El Camino Way, PO Box 10139, Palo Alto, CA 94303-0139, USA},
}

@book{kelsey1996methods,
  title={Methods in observational epidemiology},
  author={Kelsey, Jennifer L and Whittemore, Alice S and Evans, Alfred S and Thompson, W Douglas and others},
  volume={10},
  year={1996},
  publisher={Monographs in Epidemiology and}
}

@article{nichols2007causal,
  title={Causal inference with observational data},
  author={Nichols, Austin},
  journal={The Stata Journal},
  volume={7},
  number={4},
  pages={507--541},
  year={2007},
  publisher={SAGE Publications Sage CA: Los Angeles, CA}
}

@article{swaminathan2015batch,
  title={Batch learning from logged bandit feedback through counterfactual risk minimization},
  author={Swaminathan, Adith and Joachims, Thorsten},
  journal={The Journal of Machine Learning Research},
  volume={16},
  number={1},
  pages={1731--1755},
  year={2015},
  publisher={JMLR. org}
}

@article{strehl2010learning,
  title={Learning from logged implicit exploration data},
  author={Strehl, Alex and Langford, John and Kakade, Sham and Li, Lihong},
  journal={arXiv preprint arXiv:1003.0120},
  year={2010}
}

@Article{rubin1974estimating,
  author    = {Rubin, Donald B},
  title     = {Estimating causal effects of treatments in randomized and nonrandomized studies.},
  journal   = {Journal of Educational Psychology},
  year      = {1974},
  volume    = {66},
  number    = {5},
  pages     = {688},
  publisher = {American Psychological Association},
}

@article{bottou2013counterfactual,
  title={Counterfactual Reasoning and Learning Systems: The Example of Computational Advertising.},
  author={Bottou, L{\'e}on and Peters, Jonas and Qui{\~n}onero-Candela, Joaquin and Charles, Denis X and Chickering, D Max and Portugaly, Elon and Ray, Dipankar and Simard, Patrice and Snelson, Ed},
  journal={Journal of Machine Learning Research},
  volume={14},
  number={11},
  year={2013}
}

@book{pearl2018book,
  title={The book of why: the new science of cause and effect},
  author={Pearl, Judea and Mackenzie, Dana},
  year={2018},
  publisher={Basic books}
}

@article{hernan2019second,
  title={A second chance to get causal inference right: a classification of data science tasks},
  author={Hern{\'a}n, Miguel A and Hsu, John and Healy, Brian},
  journal={Chance},
  volume={32},
  number={1},
  pages={42--49},
  year={2019},
  publisher={Taylor \& Francis}
}

@InProceedings{caruana2015intelligible,
  author    = {Caruana, Rich and Lou, Yin and Gehrke, Johannes and Koch, Paul and Sturm, Marc and Elhadad, Noemie},
  title     = {Intelligible models for healthcare: Predicting pneumonia risk and hospital 30-day readmission},
  booktitle = {Proceedings of the ACM SIGKDD International Conference on Knowledge Discovery and Data Mining},
  year      = {2015},
  pages     = {1721--1730},
}

@Article{cohn1996active,
  author  = {Cohn, David A and Ghahramani, Zoubin and Jordan, Michael I},
  title   = {Active learning with statistical models},
  journal = {Journal of Artificial Intelligence Research},
  year    = {1996},
  volume  = {4},
  pages   = {129--145},
}

@InProceedings{paul2017feature,
  author    = {Paul, Michael},
  title     = {Feature selection as causal inference: Experiments with text classification},
  booktitle = {Proceedings of the Conference on Computational Natural Language Learning},
  year      = {2017},
  pages     = {163--172},
}

@article{wang2021enhancing,
  title={Enhancing Model Robustness and Fairness with Causality: A Regularization Approach},
  author={Wang, Zhao and Shu, Kai and Culotta, Aron},
  journal={arXiv preprint arXiv:2110.00911},
  year={2021}
}

@article{kaushik2019learning,
  title={Learning the difference that makes a difference with counterfactually-augmented data},
  author={Kaushik, Divyansh and Hovy, Eduard and Lipton, Zachary C},
  journal={arXiv preprint arXiv:1909.12434},
  year={2019}
}

@article{wang2020robustness,
  title={Robustness to spurious correlations in text classification via automatically generated counterfactuals},
  author={Wang, Zhao and Culotta, Aron},
  journal={arXiv preprint arXiv:2012.10040},
  year={2020}
}

@article{yapo2018ethical,
  title={Ethical implications of bias in machine learning},
  author={Yapo, Adrienne and Weiss, Joseph},
  year={2018}
}

@Article{mehrabi2021survey,
  author    = {Mehrabi, Ninareh and Morstatter, Fred and Saxena, Nripsuta and Lerman, Kristina and Galstyan, Aram},
  title     = {A survey on bias and fairness in machine learning},
  journal   = {ACM Computing Surveys},
  year      = {2021},
  volume    = {54},
  number    = {6},
  pages     = {1--35},
  publisher = {ACM New York, NY, USA},
}

@article{lahoti2020fairness,
  title={Fairness without demographics through adversarially reweighted learning},
  author={Lahoti, Preethi and Beutel, Alex and Chen, Jilin and Lee, Kang and Prost, Flavien and Thain, Nithum and Wang, Xuezhi and Chi, Ed H},
  journal={arXiv preprint arXiv:2006.13114},
  year={2020}
}

@article{lahoti2019operationalizing,
  title={Operationalizing individual fairness with pairwise fair representations},
  author={Lahoti, Preethi and Gummadi, Krishna P and Weikum, Gerhard},
  journal={arXiv preprint arXiv:1907.01439},
  year={2019}
}

@Article{hardt2016equality,
  author  = {Hardt, Moritz and Price, Eric and Srebro, Nati},
  title   = {Equality of opportunity in supervised learning},
  journal = {Advances in Neural Information Processing Systems},
  year    = {2016},
  volume  = {29},
  pages   = {3315--3323},
}

@InProceedings{vzliobaite2011handling,
  author    = {{\v{Z}}liobaite, Indre and Kamiran, Faisal and Calders, Toon},
  title     = {Handling conditional discrimination},
  booktitle = {Proceedings of the IEEE International Conference on Data Mining},
  year      = {2011},
  pages     = {992--1001},
}

@InProceedings{xu2018fairgan,
  author       = {Xu, Depeng and Yuan, Shuhan and Zhang, Lu and Wu, Xintao},
  title        = {Fairgan: Fairness-aware generative adversarial networks},
  booktitle    = {Proceedings of the IEEE International Conference on Big Data},
  year         = {2018},
  pages        = {570--575},
  organization = {IEEE},
}

@InProceedings{dwork2012fairness,
  author    = {Dwork, Cynthia and Hardt, Moritz and Pitassi, Toniann and Reingold, Omer and Zemel, Richard},
  title     = {Fairness through awareness},
  booktitle = {Proceedings of the Innovations in Theoretical Computer Science Conference},
  year      = {2012},
  pages     = {214--226},
}

@InProceedings{zaidan2007using,
  author    = {Zaidan, Omar and Eisner, Jason and Piatko, Christine},
  title     = {Using `annotator rationales' to improve machine learning for text categorization},
  booktitle = {Proceedings of the conference of the North American chapter of the association for computational linguistics},
  year      = {2007},
  pages     = {260--267},
}

@inproceedings{pfohl2019counterfactual,
  title={Counterfactual reasoning for fair clinical risk prediction},
  author={Pfohl, Stephen R and Duan, Tony and Ding, Daisy Yi and Shah, Nigam H},
  booktitle={Machine Learning for Healthcare Conference},
  pages={325--358},
  year={2019},
  organization={PMLR}
}

@article{kim2020counterfactual,
  title={Counterfactual fairness with disentangled causal effect variational autoencoder},
  author={Kim, Hyemi and Shin, Seungjae and Jang, JoonHo and Song, Kyungwoo and Joo, Weonyoung and Kang, Wanmo and Moon, Il-Chul},
  journal={arXiv preprint arXiv:2011.11878},
  year={2020}
}

@Article{roese1997counterfactual,
  author    = {Roese, Neal J},
  title     = {Counterfactual thinking.},
  journal   = {Psychological Bulletin},
  year      = {1997},
  volume    = {121},
  number    = {1},
  pages     = {133},
  publisher = {American Psychological Association},
}

@article{linardatos2021explainable,
  title={Explainable ai: A review of machine learning interpretability methods},
  author={Linardatos, Pantelis and Papastefanopoulos, Vasilis and Kotsiantis, Sotiris},
  journal={Entropy},
  volume={23},
  number={1},
  pages={18},
  year={2021},
  publisher={Multidisciplinary Digital Publishing Institute}
}

@article{silver2016alphago,
  title={Alphago: Mastering the ancient game of go with machine learning},
  author={Silver, David and Hassabis, Demis},
  journal={Research Blog},
  volume={9},
  year={2016}
}

@article{almond2005costs,
  title={The costs of low birth weight},
  author={Almond, Douglas and Chay, Kenneth Y and Lee, David S},
  journal={The Quarterly Journal of Economics},
  volume={120},
  number={3},
  pages={1031--1083},
  year={2005},
  publisher={MIT Press}
}

@InProceedings{kamiran2012decision,
  author    = {Kamiran, Faisal and Karim, Asim and Zhang, Xiangliang},
  title     = {Decision theory for discrimination-aware classification},
  booktitle = {Proceedings of the IEEE International Conference on Data Mining},
  year      = {2012},
  pages     = {924--929},
}

@Misc{dua_graff_19_uci,
  author = {Dua, Dheeru and Graff, Casey},
  title  = {U{CI} Machine Learning Repository},
  year   = {2019},
  url    = {http://archive.ics.uci.edu/ml},
}

@InProceedings{russell2017worlds,
  author       = {Russell, Chris and Kusner, M and Loftus, C and Silva, Ricardo},
  title        = {When worlds collide: integrating different counterfactual assumptions in fairness},
  booktitle    = {Advances in Neural Information Processing Systems},
  year         = {2017},
  volume       = {30},
  organization = {NIPS Proceedings},
}

@InProceedings{friedler2019comparative,
  author    = {Friedler, Sorelle A and Scheidegger, Carlos and Venkatasubramanian, Suresh and Choudhary, Sonam and Hamilton, Evan P and Roth, Derek},
  title     = {A comparative study of fairness-enhancing interventions in machine learning},
  booktitle = {Proceedings of the Conference on Fairness, Accountability, and Transparency},
  year      = {2019},
  pages     = {329--338},
}

@article{zafar2017parity,
  title={From parity to preference-based notions of fairness in classification},
  author={Zafar, Muhammad Bilal and Valera, Isabel and Rodriguez, Manuel Gomez and Gummadi, Krishna P and Weller, Adrian},
  journal={arXiv preprint arXiv:1707.00010},
  year={2017}
}

@article{louizos2017causal,
  title={Causal effect inference with deep latent-variable models},
  author={Louizos, Christos and Shalit, Uri and Mooij, Joris and Sontag, David and Zemel, Richard and Welling, Max},
  journal={arXiv preprint arXiv:1705.08821},
  year={2017}
}

@Article{angwin2016machine,
  author  = {Angwin, Julia and Larson, Jeff and Mattu, Surya and Kirchner, Lauren},
  title   = {Machine bias},
  journal = {ProPublica},
  year    = {2016},
  volume  = {23},
  number  = {2016},
  pages   = {139--159},
}

@Article{mukerjee2002multi,
  author    = {Mukerjee, Amitabha and Biswas, Rita and Deb, Kalyanmoy and Mathur, Amrit P},
  title     = {Multi--objective evolutionary algorithms for the risk--return trade--off in bank loan management},
  journal   = {International Transactions in Operational Research},
  year      = {2002},
  volume    = {9},
  number    = {5},
  pages     = {583--597},
  publisher = {Wiley Online Library},
}

@Article{dressel2018accuracy,
  author    = {Dressel, Julia and Farid, Hany},
  title     = {The accuracy, fairness, and limits of predicting recidivism},
  journal   = {Science Advances},
  year      = {2018},
  volume    = {4},
  number    = {1},
  pages     = {eaao5580},
  publisher = {American Association for the Advancement of Science},
}

@InProceedings{calmon2017optimized,
  author    = {Calmon, Flavio P and Wei, Dennis and Vinzamuri, Bhanukiran and Ramamurthy, Karthikeyan Natesan and Varshney, Kush R},
  title     = {Optimized pre-processing for discrimination prevention},
  booktitle = {Proceedings of the International Conference on Neural Information Processing Systems},
  year      = {2017},
  pages     = {3995--4004},
}

@article{hajian2013simultaneous,
  title={Simultaneous discrimination prevention and privacy protection in data publishing and mining},
  author={Hajian, Sara},
  journal={arXiv preprint arXiv:1306.6805},
  year={2013}
}

@InProceedings{fish2016confidence,
  author       = {Fish, Benjamin and Kun, Jeremy and Lelkes, {\'A}d{\'a}m D},
  title        = {A confidence-based approach for balancing fairness and accuracy},
  booktitle    = {Proceedings of the SIAM International Conference on Data Mining},
  year         = {2016},
  pages        = {144--152},
  organization = {SIAM},
}

@Article{huang2020counterfactually,
  author  = {Huang, William and Liu, Haokun and Bowman, Samuel R},
  title   = {Counterfactually-augmented {SNLI} training data does not yield better generalization than unaugmented data},
  journal = {arXiv preprint arXiv:2010.04762},
  year    = {2020},
}

@InProceedings{wang2021counterfactual,
  author    = {Wang, Zhenlei and Zhang, Jingsen and Xu, Hongteng and Chen, Xu and Zhang, Yongfeng and Zhao, Wayne Xin and Wen, Ji-Rong},
  title     = {Counterfactual data-augmented sequential recommendation},
  booktitle = {Proceedings of the International ACM SIGIR Conference on Research and Development in Information Retrieval},
  year      = {2021},
  pages     = {347--356},
}

@inproceedings{hariharan2017low,
  title={Low-shot visual recognition by shrinking and hallucinating features},
  author={Hariharan, Bharath and Girshick, Ross},
  booktitle={Proceedings of the IEEE International Conference on Computer Vision},
  pages={3018--3027},
  year={2017}
}

@article{schwartz2018delta,
  title={Delta-encoder: an effective sample synthesis method for few-shot object recognition},
  author={Schwartz, Eli and Karlinsky, Leonid and Shtok, Joseph and Harary, Sivan and Marder, Mattias and Feris, Rogerio and Kumar, Abhishek and Giryes, Raja and Bronstein, Alex M},
  journal={arXiv preprint arXiv:1806.04734},
  year={2018}
}

@article{maudslay2019s,
  title={It's All in the Name: Mitigating Gender Bias with Name-Based Counterfactual Data Substitution},
  author={Maudslay, Rowan Hall and Gonen, Hila and Cotterell, Ryan and Teufel, Simone},
  journal={arXiv preprint arXiv:1909.00871},
  year={2019}
}

@InProceedings{teney2020learning,
  author    = {Teney, Damien and Abbasnedjad, Ehsan and van den Hengel, Anton},
  title     = {Learning what makes a difference from counterfactual examples and gradient supervision},
  booktitle = {Proceedings of the European Conference on Computer Vision},
  year      = {2020},
  pages     = {580--599},
}

@InProceedings{wu2021polyjuice,
  author    = {Wu, Tongshuang and Ribeiro, Marco Tulio and Heer, Jeffrey and Weld, Daniel S},
  title     = {P{OLYJUICE}: Generating Counterfactuals for Explaining, Evaluating, and Improving Models},
  booktitle = {Proceedings of the Annual Meeting of the Association for Computational Linguistics},
  year      = {2021},
}

@InProceedings{li2021counterfactual,
  author    = {Li, Yingting},
  title     = {Counterfactual-Augmented Data for Multi-Hop Knowledge Base Question Answering},
  booktitle = {Proceedings of the Web Conference},
  year      = {2021},
  pages     = {719--720},
}

@article{yu2020counterfactual,
  title={Counterfactual variable control for robust and interpretable question answering},
  author={Yu, Sicheng and Niu, Yulei and Wang, Shuohang and Jiang, Jing and Sun, Qianru},
  journal={arXiv preprint arXiv:2010.05581},
  year={2020}
}

@article{teshima2021incorporating,
  title={Incorporating Causal Graphical Prior Knowledge into Predictive Modeling via Simple Data Augmentation},
  author={Teshima, Takeshi and Sugiyama, Masashi},
  journal={arXiv preprint arXiv:2103.00136},
  year={2021}
}

@article{shorten2019survey,
  title={A survey on image data augmentation for deep learning},
  author={Shorten, Connor and Khoshgoftaar, Taghi M},
  journal={Journal of Big Data},
  volume={6},
  number={1},
  pages={1--48},
  year={2019},
  publisher={Springer}
}

@article{hernandez2018data,
  title={Data augmentation instead of explicit regularization},
  author={Hern{\'a}ndez-Garc{\'\i}a, Alex and K{\"o}nig, Peter},
  journal={arXiv preprint arXiv:1806.03852},
  year={2018}
}

@article{devries2017improved,
  title={Improved regularization of convolutional neural networks with cutout},
  author={DeVries, Terrance and Taylor, Graham W},
  journal={arXiv preprint arXiv:1708.04552},
  year={2017}
}

@incollection{baird1992document,
  title={Document image defect models},
  author={Baird, Henry S},
  booktitle={Structured Document Image Analysis},
  pages={546--556},
  year={1992},
  publisher={Springer}
}

@Article{chawla2002smote,
  author  = {Chawla, Nitesh V and Bowyer, Kevin W and Hall, Lawrence O and Kegelmeyer, W Philip},
  title   = {S{MOTE}: synthetic minority over-sampling technique},
  journal = {Journal of Artificial Intelligence Research},
  year    = {2002},
  volume  = {16},
  pages   = {321--357},
}

@article{gissin2019discriminative,
  title={Discriminative active learning},
  author={Gissin, Daniel and Shalev-Shwartz, Shai},
  journal={arXiv preprint arXiv:1907.06347},
  year={2019}
}

@InProceedings{gal2017deep,
  author    = {Gal, Yarin and Islam, Riashat and Ghahramani, Zoubin},
  title     = {Deep {B}ayesian active learning with image data},
  booktitle = {Proceedings of the International Conference on Machine Learning},
  year      = {2017},
  pages     = {1183--1192},
}

@InProceedings{lewis1994sequential,
  author    = {Lewis, David D and Gale, William A},
  title     = {A sequential algorithm for training text classifiers},
  booktitle = {Proceedings of the International ACM SIGIR Conference on Research and Development in Information Retrieval},
  year      = {1994},
  pages     = {3--12},
}

@article{yang2018benchmark,
  title={A benchmark and comparison of active learning for logistic regression},
  author={Yang, Yazhou and Loog, Marco},
  journal={Pattern Recognition},
  volume={83},
  pages={401--415},
  year={2018},
  publisher={Elsevier}
}

@Article{settles2007multiple,
  author  = {Settles, Burr and Craven, Mark and Ray, Soumya},
  title   = {Multiple-instance active learning},
  journal = {Advances in Neural Information Processing Systems},
  year    = {2007},
  volume  = {20},
  pages   = {1289--1296},
}

@InProceedings{mothilal2020explaining,
  author    = {Mothilal, Ramaravind K and Sharma, Amit and Tan, Chenhao},
  title     = {Explaining machine learning classifiers through diverse counterfactual explanations},
  booktitle = {Proceedings of the Conference on Fairness, Accountability, and Transparency},
  year      = {2020},
  pages     = {607--617},
}

@InProceedings{wong2016understanding,
  author       = {Wong, Sebastien C and Gatt, Adam and Stamatescu, Victor and McDonnell, Mark D},
  title        = {Understanding data augmentation for classification: when to warp?},
  booktitle    = {Proceedings of the International Conference on Digital Image Computing: Techniques and Applications},
  year         = {2016},
  pages        = {1--6},
  organization = {IEEE},
}

@inproceedings{chang2021towards,
  title={Towards Robust Classification Model by Counterfactual and Invariant Data Generation},
  author={Chang, Chun-Hao and Adam, George Alexandru and Goldenberg, Anna},
  booktitle={Proceedings of the IEEE/CVF Conference on Computer Vision and Pattern Recognition},
  pages={15212--15221},
  year={2021}
}

@Book{pearl_09_causality,
  title     = {Causality: models, reasoning, and inference},
  publisher = {Cambridge University Press},
  year      = {2009},
  author    = {Judea Pearl},
}

@Book{bishop_06_pattern,
  title     = {Pattern Recognition and Machine Learning},
  publisher = {Springer},
  year      = {2006},
  author    = {Bishop, Christopher M},
}

@Book{settles_12_active,
  title     = {Active Learning},
  publisher = {Morgan \& Claypool Publishers},
  year      = {2012},
  author    = {Burr Settles},
}

@Book{,
}

@InProceedings{sharif2016accessorize,
  author    = {Sharif, Mahmood and Bhagavatula, Sruti and Bauer, Lujo and Reiter, Michael K},
  title     = {Accessorize to a crime: Real and Stealthy Attacks on state-of-the-art Face Recognition},
  booktitle = {Proceedings of the ACM SIGSAC Conference on Computer and Communications Security},
  year      = {2016},
  pages     = {1528--1540},
}

@InProceedings{apruzzese2019addressing,
  author    = {Apruzzese, Giovanni and Colajanni, Michele and Ferretti, Luca and Marchetti, Mirco},
  title     = {Addressing Adversarial Attacks Against Security Systems Bsed on Machine Learning},
  booktitle = {Proceedings of the International Conference on Cyber Conflict},
  year      = {2019},
  volume    = {900},
  pages     = {1--18},
}

@Article{walawalkar2020attentive,
  author  = {Walawalkar, Devesh and Shen, Zhiqiang and Liu, Zechun and Savvides, Marios},
  journal = {arXiv preprint arXiv:2003.13048},
  title   = {Attentive cutmix: An Enhanced Data Augmentation Approach for Deep Learning Based Image Classification},
  year    = {2020},
}

@InProceedings{ma2020combining,
  author    = {Ma, Yu and Lu, Shaoxing and Xu, Erya and Yu, Tian and Zhou, Lijian},
  booktitle = {Proceedings of the International Conference on Big Data Technologies},
  title     = {Combining Active Learning and Data Augmentation for Image Classification},
  year      = {2020},
  pages     = {58--62},
}

@Article{fawaz2018data,
  author  = {Fawaz, Hassan Ismail and Forestier, Germain and Weber, Jonathan and Idoumghar, Lhassane and Muller, Pierre-Alain},
  journal = {arXiv preprint arXiv:1808.02455},
  title   = {Data Augmentation Using Synthetic Data for Time Series Classification with Deep Residual Networks},
  year    = {2018},
}

@InProceedings{kumar2016dermatological,
  author    = {Kumar, Vinayshekhar Bannihatti and Kumar, Sujay S and Saboo, Varun},
  booktitle = {Proceedings of the International Conference on Artificial Intelligence and Pattern Recognition},
  title     = {Dermatological Disease Detection using Image Processing and Machine Learning},
  year      = {2016},
  pages     = {1--6},
}

@Article{sharma2019environment,
  author  = {Sharma, Jivitesh and Granmo, Ole-Christoffer and Goodwin, Morten},
  journal = {arXiv preprint arXiv:1908.11219},
  title   = {Environment Sound Classification using Multiple Feature Channels and Attention based Deep Convolutional Neural Network},
  year    = {2019},
}

@Article{portugal2018use,
  author    = {Portugal, Ivens and Alencar, Paulo and Cowan, Donald},
  journal   = {Expert Systems with Applications},
  title     = {The Use of Machine Learning Algorithms in Recommender Systems: A Systematic Review},
  year      = {2018},
  pages     = {205--227},
  volume    = {97},
  publisher = {Elsevier},
}

@article{zhang2017mixup,
  title={mixup: Beyond empirical risk minimization},
  author={Zhang, Hongyi and Cisse, Moustapha and Dauphin, Yann N and Lopez-Paz, David},
  journal={arXiv preprint arXiv:1710.09412},
  year={2017}
}

@InProceedings{gong2021maxup,
  author    = {Gong, Chengyue and Ren, Tongzheng and Ye, Mao and Liu, Qiang},
  booktitle = {Proceedings of the IEEE Conference on Computer Vision and Pattern Recognition},
  title     = {MaxUp: Lightweight Adversarial Training With Data Augmentation Improves Neural Network Training},
  year      = {2021},
  pages     = {2474--2483},
}

@InProceedings{neal2018open,
  author    = {Neal, Lawrence and Olson, Matthew and Fern, Xiaoli and Wong, Weng-Keen and Li, Fuxin},
  booktitle = {Proceedings of the European Conference on Computer Vision},
  title     = {Open Set Learning with Counterfactual Images},
  year      = {2018},
  pages     = {613--628},
}

@Article{ducoffe2018adversarial,
  author  = {Ducoffe, Melanie and Precioso, Frederic},
  journal = {arXiv preprint arXiv:1802.09841},
  title   = {Adversarial Active Learning for Deep Networks: a Margin Based Approach},
  year    = {2018},
}

@Article{nissim2016improving,
  author    = {Nissim, Nir and Boland, Mary Regina and Tatonetti, Nicholas P and Elovici, Yuval and Hripcsak, George and Shahar, Yuval and Moskovitch, Robert},
  journal   = {Journal of Biomedical Informatics},
  title     = {Improving Condition Severity Classification With an Efficient Active Learning Based Framework},
  year      = {2016},
  pages     = {44--54},
  volume    = {61},
  publisher = {Elsevier},
}

@InProceedings{collet2014active,
  author    = {Collet, Timoth{\'e} and Pietquin, Olivier},
  title     = {Active Learning for Classification: An Optimistic Approach},
  booktitle = {Proceedings of the Symposium on Adaptive Dynamic Programming and Reinforcement Learning},
  year      = {2014},
  pages     = {1--8},
}

@Article{wang2015visual,
  author    = {Wang, Jun and Mueller, Klaus},
  journal   = {Transactions on Visualization and Computer Graphics},
  title     = {The Visual Causality Analyst: An Interactive Interface for Causal Reasoning},
  year      = {2015},
  number    = {1},
  pages     = {230--239},
  volume    = {22},
  publisher = {IEEE},
}

@Article{nguyen2021fairness,
  author    = {Nguyen, Dang and Gupta, Sunil and Rana, Santu and Shilton, Alistair and Venkatesh, Svetha},
  journal   = {Information Sciences},
  title     = {{Fairness Improvement for Black-box Classifiers with Gaussian Process}},
  year      = {2021},
  pages     = {542--556},
  volume    = {576},
  publisher = {Elsevier},
}

@InProceedings{nguyen2020bayesian,
  author    = {Nguyen, Dang and Gupta, Sunil and Rana, Santu and Shilton, Alistair and Venkatesh, Svetha},
  booktitle = {AAAI},
  title     = {Bayesian optimization for categorical and category-specific continuous inputs},
  year      = {2020},
  number    = {04},
  pages     = {5256--5263},
  volume    = {34},
}

@InProceedings{nguyen2018learning,
  author       = {Nguyen, Dang and Luo, Wei and Nguyen, Tu and Venkatesh, Svetha and Phung, Dinh},
  booktitle    = {SDM},
  title        = {Learning Graph Representation via Frequent Subgraphs},
  year         = {2018},
  organization = {SIAM},
  pages        = {306--314},
}

@InProceedings{nguyen2018sqn2vec,
  author    = {Nguyen, Dang and Luo, Wei and Nguyen, Tu and Venkatesh, Svetha and Phung, Dinh},
  booktitle = {ECML-PKDD},
  title     = {{Sqn2Vec}: Learning sequence representation via sequential patterns with a gap constraint},
  year      = {2018},
  pages     = {569--584},
  publisher = {Springer},
  volume    = {11052},
}

@Comment{jabref-meta: databaseType:bibtex;}
