@misc{AFL,
	author={Zalewski, Micha\l{}},
	title={American Fuzzy Lop}, 
	year = {2014},
	howpublished={\url{https://github.com/google/AFL}},
	note={Accessed August 1, 2020}
}


@misc{libFuzzer,
    author={{LLVM Compiler Infrastructure}},
    title={{libFuzzer}},
    year={2016},
    howpublished={\url{https://llvm.org/docs/LibFuzzer.html}},
    note={Accessed August 1, 2020},
}

@misc{ChocoPy,
    author={U. C. Berkeley},
    title={ChocoPy},
    year={2019},
    howpublished={\url{https://chocopy.org/}},
}

@misc{Closure,
    author={Google},
    title={{Google Closure Compiler}},
    year={},
    howpublished={\url{https://github.com/google/closure-compiler}}
}

@misc{Picire,
    author={Hodovan, Renata},
    title={Picire},
    year={},
    howpublished={\url{https://github.com/renatahodovan/picire}}
}

@misc{Picireny,
    author={Hodovan, Renata},
    title={Picireny},
    year={},
    howpublished={\url{https://github.com/renatahodovan/picireny}}
}

@misc{Jacoco,
    author={Eclemma},
    title={JaCoCo Java Code Coverage Library},
    year={},
    howpublished={\url{https://www.eclemma.org/jacoco}}
}

@misc{PITest,
    author={Coles, Henry},
    title={{PITest}},
    year={},
    howpublished={\url{https://pitest.org/}}
}

@article{King76,
 author = {King, James C.},
 title = {Symbolic execution and program testing},
 journal = {Commun. ACM},
 volume = {19},
 issue = {7},
 month = {July},
 year = {1976},
 issn = {0001-0782},
 pages = {385--394},
 numpages = {10},
 acmid = {360252},
 publisher = {ACM},
 address = {New York, NY, USA},
 keywords = {program debugging, program proving, program testing, program verification, symbolic execution, symbolic interpretation},
} 

@article{Korf85,
  title={Depth-first iterative-deepening: An optimal admissible tree search},
  author={Korf, Richard E},
  journal={Artificial intelligence},
  volume={27},
  number={1},
  pages={97--109},
  year={1985},
  publisher={Elsevier}
}


@article{Jackson96,
  title={Elements of style: Analyzing a software design feature with a counterexample detector},
  author={Jackson, Daniel and Damon, Craig A},
  journal={IEEE Transactions on software engineering},
  volume={22},
  number={7},
  pages={484--495},
  year={1996},
  publisher={IEEE}
}

@article{Miller90,
 author = {Miller, Barton P. and Fredriksen, Louis and So, Bryan},
 title = {An Empirical Study of the Reliability of UNIX Utilities},
 journal = {Commun. ACM},
 issue_date = {Dec. 1990},
 volume = {33},
 number = {12},
 month = dec,
 year = {1990},
 issn = {0001-0782},
 pages = {32--44},
 numpages = {13},
 url = {http://doi.acm.org/10.1145/96267.96279},
 doi = {10.1145/96267.96279},
 acmid = {96279},
 publisher = {ACM},
 address = {New York, NY, USA},
} 

@misc{EBNF96,
  title={{International Standard ISO/IEC 14977:1996---Extended BNF}},
  author={Scowen, Roger},
  year={1996}
}

@article{Zeller99,
  title={Yesterday, my program worked. Today, it does not. Why?},
  author={Zeller, Andreas},
  journal={ACM SIGSOFT Software engineering notes},
  volume={24},
  number={6},
  pages={253--267},
  year={1999},
  publisher={ACM New York, NY, USA}
}

@article{Luke00,
  title={Two fast tree-creation algorithms for genetic programming},
  author={Luke, Sean},
  journal={IEEE Transactions on Evolutionary Computation},
  volume={4},
  number={3},
  pages={274--283},
  year={2000},
  publisher={IEEE}
}

@inproceedings{Luke01,
  title={A survey and comparison of tree generation algorithms},
  author={Luke, Sean and Panait, Liviu},
  booktitle={Proceedings of the Genetic and Evolutionary Computation Conference (GECCO-2001)},
  pages={81--88},
  year={2001},
  organization={Citeseer}
}

@inproceedings{Boyapati02,
author = {Boyapati, Chandrasekhar and Khurshid, Sarfraz and Marinov, Darko},
title = {Korat: Automated Testing Based on Java Predicates},
year = {2002},
isbn = {1581135629},
publisher = {Association for Computing Machinery},
address = {New York, NY, USA},
url = {https://doi.org/10.1145/566172.566191},
doi = {10.1145/566172.566191},
booktitle = {Proceedings of the 2002 ACM SIGSOFT International Symposium on Software Testing and Analysis},
pages = {123–133},
numpages = {11},
location = {Roma, Italy},
series = {ISSTA ’02}
}
  
@article{Zeller02,
  title={Simplifying and isolating failure-inducing input},
  author={Zeller, Andreas and Hildebrandt, Ralf},
  journal={IEEE Transactions on Software Engineering},
  volume={28},
  number={2},
  pages={183--200},
  year={2002},
  publisher={IEEE}
}

@techreport{Andoni03,
  title={Evaluating the `small scope hypothesis'},
  author={Andoni, Alexandr and Daniliuc, Dumitru and Khurshid, Sarfraz and Marinov, Darko},
  organization={Citeseer},
  institution={MIT Laboratory for Computer Science},
  year={2003}
}

@article{Khurshid04,
  title={TestEra: Specification-based testing of Java programs using SAT},
  author={Khurshid, Sarfraz and Marinov, Darko},
  journal={Automated Software Engineering},
  volume={11},
  number={4},
  pages={403--434},
  year={2004},
  publisher={Springer}
}

@inproceedings{Sullivan04,
  title={Software assurance by bounded exhaustive testing},
  author={Sullivan, Kevin and Yang, Jinlin and Coppit, David and Khurshid, Sarfraz and Jackson, Daniel},
  booktitle={Proceedings of the 2004 ACM SIGSOFT international symposium on Software testing and analysis},
  pages={133--142},
  year={2004}
}

@INPROCEEDINGS{Lei05,
  author={ {Yong Lei} and J. H. {Andrews}},
  booktitle={16th IEEE International Symposium on Software Reliability Engineering (ISSRE'05)}, 
  title={Minimization of randomized unit test cases}, 
  year={2005},
  volume={},
  number={},
  pages={10 pp.-276},}

@inproceedings{Misherghi06,
author = {Misherghi, Ghassan and Su, Zhendong},
title = {{HDD}: Hierarchical Delta Debugging},
year = {2006},
isbn = {1595933751},
publisher = {Association for Computing Machinery},
address = {New York, NY, USA},
url = {https://doi.org/10.1145/1134285.1134307},
doi = {10.1145/1134285.1134307},
booktitle = {Proceedings of the 28th International Conference on Software Engineering},
pages = {142–151},
numpages = {10},
keywords = {automated debugging, delta debugging},
location = {Shanghai, China},
series = {ICSE ’06}
}
  


@inproceedings{Lammel06,
  title={Controllable combinatorial coverage in grammar-based testing},
  author={L{\"a}mmel, Ralf and Schulte, Wolfram},
  booktitle={IFIP International Conference on Testing of Communicating Systems},
  pages={19--38},
  year={2006},
  organization={Springer}
}

@inproceedings{Anand07,
 author = {Anand, Saswat and P\u{a}s\u{a}reanu, Corina S. and Visser, Willem},
 title = {{JPF-SE}: a symbolic execution extension to {Java PathFinder}},
 booktitle = {Proceedings of Tools and Algorithms for the Construction and Analysis of Systems (TACAS)},
 year = {2007},
 acmid = {1763523},
} 

@inproceedings{Daniel07,
author = {Daniel, Brett and Dig, Danny and Garcia, Kely and Marinov, Darko},
title = {Automated Testing of Refactoring Engines},
year = {2007},
isbn = {9781595938114},
publisher = {Association for Computing Machinery},
address = {New York, NY, USA},
url = {https://doi.org/10.1145/1287624.1287651},
doi = {10.1145/1287624.1287651},
booktitle = {Proceedings of the the 6th Joint Meeting of the European Software Engineering Conference and the ACM SIGSOFT Symposium on The Foundations of Software Engineering},
pages = {185–194},
numpages = {10},
keywords = {refactoring engines, automated testing, bounded-exhaustive testing, imperative generators, test data generation},
location = {Dubrovnik, Croatia},
series = {ESEC-FSE ’07}
}

@inproceedings{Leitner07,
author = {Leitner, Andreas and Oriol, Manuel and Zeller, Andreas and Ciupa, Ilinca and Meyer, Bertrand},
title = {Efficient Unit Test Case Minimization},
year = {2007},
isbn = {9781595938824},
publisher = {Association for Computing Machinery},
address = {New York, NY, USA},
url = {https://doi.org/10.1145/1321631.1321698},
doi = {10.1145/1321631.1321698},
booktitle = {Proceedings of the Twenty-Second IEEE/ACM International Conference on Automated Software Engineering},
pages = {417–420},
numpages = {4},
keywords = {slicing, minimization, unit testing},
location = {Atlanta, Georgia, USA},
series = {ASE ’07}
}
  


@inproceedings{Pacheco07,
 author = {Pacheco, Carlos and Lahiri, Shuvendu K. and Ernst, Michael D. and Ball, Thomas},
 title = {Feedback-Directed Random Test Generation},
 booktitle = {Proceedings of the 29th International Conference on Software Engineering},
 series = {ICSE '07},
 year = {2007},
 isbn = {0-7695-2828-7},
 pages = {75--84},
 numpages = {10},
 url = {https://doi.org/10.1109/ICSE.2007.37},
 doi = {10.1109/ICSE.2007.37},
 acmid = {1248841},
 publisher = {IEEE Computer Society},
 address = {Washington, DC, USA},
} 

@inproceedings{Pacheco07tool,
 author = {Pacheco, Carlos and Ernst, Michael D.},
 title = {Randoop: Feedback-directed Random Testing for Java},
 booktitle = {Companion to the 22nd ACM SIGPLAN Conference on Object-oriented Programming Systems and Applications Companion},
 series = {OOPSLA '07},
 year = {2007}
} 

@inproceedings{Jagannath09,
  title={Reducing the costs of bounded-exhaustive testing},
  author={Jagannath, Vilas and Lee, Yun Young and Daniel, Brett and Marinov, Darko},
  booktitle={International Conference on Fundamental Approaches to Software Engineering},
  pages={171--185},
  year={2009},
  organization={Springer}
}

@inproceedings{Fraser10,
 author = {Fraser, Gordon and Zeller, Andreas},
 title = {Mutation-driven Generation of Unit Tests and Oracles},
 booktitle = {Proceedings of the 19th International Symposium on Software Testing and Analysis},
 series = {ISSTA '10},
 year = {2010},
 isbn = {978-1-60558-823-0},
 location = {Trento, Italy},
 pages = {147--158},
 numpages = {12},
 url = {http://doi.acm.org/10.1145/1831708.1831728},
 doi = {10.1145/1831708.1831728},
 acmid = {1831728},
 publisher = {ACM},
 address = {New York, NY, USA},
 keywords = {assertions, mutation analysis, mutation testing, search based testing, test case generation, test oracles, unit testing},
} 

@inproceedings{Gligoric10,
author = {Gligoric, Milos and Gvero, Tihomir and Jagannath, Vilas and Khurshid, Sarfraz and Kuncak, Viktor and Marinov, Darko},
title = {Test Generation through Programming in UDITA},
year = {2010},
isbn = {9781605587196},
publisher = {Association for Computing Machinery},
address = {New York, NY, USA},
url = {https://doi.org/10.1145/1806799.1806835},
doi = {10.1145/1806799.1806835},
booktitle = {Proceedings of the 32nd ACM/IEEE International Conference on Software Engineering - Volume 1},
pages = {225–234},
numpages = {10},
keywords = {test generation, Java PathFinder, test predicates, test programs, UDITA, Pex, automated testing, test filtering},
location = {Cape Town, South Africa},
series = {ICSE ’10}
}

@inproceedings{Harman10,
author = {Harman, Mark and Kim, Sung Gon and Lakhotia, Kiran and McMinn, Phil and Yoo, Shin},
title = {Optimizing for the Number of Tests Generated in Search Based Test Data Generation with an Application to the Oracle Cost Problem},
year = {2010},
isbn = {9780769540504},
publisher = {IEEE Computer Society},
address = {USA},
url = {https://doi.org/10.1109/ICSTW.2010.31},
doi = {10.1109/ICSTW.2010.31},
booktitle = {Proceedings of the 2010 Third International Conference on Software Testing, Verification, and Validation Workshops},
pages = {182–191},
numpages = {10},
keywords = {search based testing, oracle cost, test suite minimization},
series = {ICSTW ’10}
}

@inproceedings{Palka11,
author = {Pa\l{}ka, Micha\l{} H. and Claessen, Koen and Russo, Alejandro and Hughes, John},
title = {Testing an Optimising Compiler by Generating Random Lambda Terms},
year = {2011},
isbn = {9781450305921},
publisher = {Association for Computing Machinery},
address = {New York, NY, USA},
url = {https://doi.org/10.1145/1982595.1982615},
doi = {10.1145/1982595.1982615},
booktitle = {Proceedings of the 6th International Workshop on Automation of Software Test},
pages = {91–97},
numpages = {7},
keywords = {random testing, software testing},
location = {Waikiki, Honolulu, HI, USA},
series = {AST ’11}
}
  
@inproceedings{Fraser11,
 author = {Fraser, Gordon and Arcuri, Andrea},
 title = {EvoSuite: Automatic Test Suite Generation for Object-oriented Software},
 booktitle = {Proceedings of the 19th ACM SIGSOFT Symposium and the 13th European Conference on Foundations of Software Engineering},
 series = {ESEC/FSE '11},
 year = {2011}
} 
  
@inproceedings{Yang11,
 author = {Yang, Xuejun and Chen, Yang and Eide, Eric and Regehr, John},
 title = {Finding and Understanding Bugs in {C} Compilers},
 booktitle = {Proceedings of the 32nd ACM SIGPLAN Conference on Programming Language Design and Implementation},
 series = {PLDI '11},
 year = {2011}
} 

@article{Arcuri12,
  author={A. {Arcuri}},
  journal={IEEE Transactions on Software Engineering}, 
  title={A Theoretical and Empirical Analysis of the Role of Test Sequence Length in Software Testing for Structural Coverage}, 
  year={2012},
  volume={38},
  number={3},
  pages={497-519},}

@article{Fraser12,
  title={Whole test suite generation},
  author={Fraser, Gordon and Arcuri, Andrea},
  journal={IEEE Transactions on Software Engineering},
  volume={39},
  number={2},
  pages={276--291},
  year={2012},
  publisher={IEEE}
}
  
@inproceedings{Regehr12,
author = {Regehr, John and Chen, Yang and Cuoq, Pascal and Eide, Eric and Ellison, Chucky and Yang, Xuejun},
title = {Test-Case Reduction for {C} Compiler Bugs},
year = {2012},
isbn = {9781450312059},
publisher = {Association for Computing Machinery},
address = {New York, NY, USA},
url = {https://doi.org/10.1145/2254064.2254104},
doi = {10.1145/2254064.2254104},
booktitle = {Proceedings of the 33rd ACM SIGPLAN Conference on Programming Language Design and Implementation},
pages = {335–346},
numpages = {12},
keywords = {bug reporting, automated testing, compiler testing, test-case minimization, random testing, compiler defect},
location = {Beijing, China},
series = {PLDI ’12}
}


@book{Jackson12,
  title={Software Abstractions: logic, language, and analysis},
  author={Jackson, Daniel},
  year={2012},
  publisher={MIT press}
}

@article{Cadar13,
  title={Symbolic execution for software testing: three decades later},
  author={Cadar, Cristian and Sen, Koushik},
  journal={Communications of the ACM},
  volume={56},
  number={2},
  pages={82--90},
  year={2013},
  publisher={ACM New York, NY, USA}
}

@inproceedings{Dewey15,
author = {Dewey, Kyle and Roesch, Jared and Hardekopf, Ben},
title = {Fuzzing the Rust Typechecker Using CLP},
year = {2015},
isbn = {9781509000241},
publisher = {IEEE Press},
url = {https://doi.org/10.1109/ASE.2015.65},
doi = {10.1109/ASE.2015.65},
booktitle = {Proceedings of the 30th IEEE/ACM International Conference on Automated Software Engineering},
pages = {482–493},
numpages = {12},
location = {Lincoln, Nebraska},
series = {ASE ’15}
}
  
@inproceedings{Fetscher15,
  title={Making random judgments: Automatically generating well-typed terms from the definition of a type-system},
  author={Fetscher, Burke and Claessen, Koen and Pa{\l}ka, Micha{\l} and Hughes, John and Findler, Robert Bruce},
  booktitle={European Symposium on Programming Languages and Systems},
  pages={383--405},
  year={2015},
  organization={Springer}
}

@inproceedings{Just14,
  title={Are mutants a valid substitute for real faults in software testing?},
  author={Just, Ren{\'e} and Jalali, Darioush and Inozemtseva, Laura and Ernst, Michael D and Holmes, Reid and Fraser, Gordon},
  booktitle={Proceedings of the 22nd ACM SIGSOFT International Symposium on Foundations of Software Engineering},
  pages={654--665},
  series={FSE'14},
  year={2014}
}

@inproceedings{Hodovan16-a,
  title={Practical Improvements to the Minimizing Delta Debugging Algorithm.},
  author={Hodov{\'a}n, Ren{\'a}ta and Kiss, {\'A}kos},
  booktitle={ICSOFT-EA},
  pages={241--248},
  year={2016}
}

@inproceedings{Hodovan16-b,
  title={Modernizing hierarchical delta debugging},
  author={Hodov{\'a}n, Ren{\'a}ta and Kiss, {\'A}kos},
  booktitle={Proceedings of the 7th International Workshop on Automating Test Case Design, Selection, and Evaluation},
  pages={31--37},
  year={2016}
}

@inproceedings{Hodovan17-c,
  title={Coarse hierarchical delta debugging},
  author={Hodov{\'a}n, Ren{\'a}ta and Kiss, {\'A}kos and Gyim{\'o}thy, Tibor},
  booktitle={2017 IEEE international conference on software maintenance and evolution (ICSME)},
  pages={194--203},
  year={2017},
  organization={IEEE}
}

@inproceedings{Hodovan17-d,
  title={Tree preprocessing and test outcome caching for efficient hierarchical delta debugging},
  author={Hodov{\'a}n, Ren{\'a}ta and Kiss, {\'A}kos and Gyim{\'o}thy, Tibor},
  booktitle={2017 IEEE/ACM 12th International Workshop on Automation of Software Testing (AST)},
  pages={23--29},
  year={2017},
  organization={IEEE}
}

@article{Bohme17,
  title={Coverage-based greybox fuzzing as {Markov} chain},
  author={B{\"o}hme, Marcel and Pham, Van-Thuan and Roychoudhury, Abhik},
  journal={IEEE Transactions on Software Engineering},
  volume={45},
  number={5},
  pages={489--506},
  year={2017},
  publisher={IEEE}
}

@inproceedings{Padhye19-chocopy,
author = {Padhye, Rohan and Sen, Koushik and Hilfinger, Paul N.},
title = {ChocoPy: A Programming Language for Compilers Courses},
year = {2019},
isbn = {9781450369893},
publisher = {Association for Computing Machinery},
address = {New York, NY, USA},
url = {https://doi.org/10.1145/3358711.3361627},
doi = {10.1145/3358711.3361627},
booktitle = {Proceedings of the 2019 ACM SIGPLAN Symposium on SPLASH-E},
pages = {41–45},
numpages = {5},
keywords = {RISC-V, Python, Compilers courses},
location = {Athens, Greece},
series = {SPLASH-E 2019}
}

@inproceedings{Padhye19-zest,
 author = {Padhye, Rohan and Lemieux, Caroline and Sen, Koushik and Papadakis, Mike and Le Traon, Yves},
 title = {Semantic Fuzzing with {Zest}},
 booktitle = {Proceedings of the 28th ACM SIGSOFT International Symposium on Software Testing and Analysis},
 series = {ISSTA 2019},
 year = {2019},
 isbn = {978-1-4503-6224-5},
 location = {Beijing, China},
 pages = {329--340},
 numpages = {12},
 url = {http://doi.acm.org/10.1145/3293882.3330576},
 doi = {10.1145/3293882.3330576},
 acmid = {3330576},
 publisher = {ACM},
 address = {New York, NY, USA},
 keywords = {Structure-aware fuzzing, property-based testing, random testing},
} 

@inproceedings{Aschermann19,
  author = {Aschermann, Cornelius and Frassetto, Tommaso and Holz, Thorsten and Jauernig, Patrick and Sadeghi, Ahmad-Reza and Teuchert, Daniel},
  title = {{Nautilus: Fishing for Deep Bugs with Grammars}},
  booktitle = {26th Annual Network and Distributed System Security Symposium},
  series = {NDSS '19},
  year = {2019}
}

@inproceedings{Havrikov19,
author = {Havrikov, Nikolas and Zeller, Andreas},
title = {Systematically Covering Input Structure},
year = {2019},
isbn = {9781728125084},
publisher = {IEEE Press},
url = {https://doi.org/10.1109/ASE.2019.00027},
doi = {10.1109/ASE.2019.00027},
booktitle = {Proceedings of the 34th IEEE/ACM International Conference on Automated Software Engineering},
pages = {189–199},
numpages = {11},
location = {San Diego, California},
series = {ASE ’19}
}
  


@inproceedings{Wang19,
  author = {Wang, Junjie and Chen, Bihuan and Wei, Lei and Liu, Yang},
  title = {Superion: Grammar-Aware Greybox Fuzzing},
  booktitle = {41st International Conference on Software Engineering},
  series = {ICSE '19},
  year = {2019}
}

@inproceedings{You19,
author = {You, Wei and Liu, Xuwei and Ma, Shiqing and Perry, David and Zhang, Xiangyu and Liang, Bin},
title = {{SLF}: Fuzzing without Valid Seed Inputs},
year = {2019},
publisher = {IEEE Press},
url = {https://doi.org/10.1109/ICSE.2019.00080},
doi = {10.1109/ICSE.2019.00080},
booktitle = {Proceedings of the 41st International Conference on Software Engineering},
pages = {712–723},
numpages = {12},
location = {Montreal, Quebec, Canada},
series = {ICSE ’19}
}
  


@inproceedings{Chen20,
  title={Revisiting the Relationship between Fault Detection, Test Adequacy Criteria, and Test Set Size},
  author={Yiqun Chen and Rahul Gopinath and Anita Tadakamalla  and Michael D. Ernst and Reid Holmes and Gordon Fraser and Paul Ammann and Rene Just},
  booktitle={IEEE/ACM International Conference on Automated Software Engineering},
  year={2020},
  organization={IEEE}
}

@article{Godefroid20,
  title={Fuzzing: Hack, art, and science},
  author={Godefroid, Patrice},
  journal={Communications of the ACM},
  volume={63},
  number={2},
  pages={70--76},
  year={2020},
  publisher={ACM New York, NY, USA}
}

@inproceedings{Roy20,
  title={{DeepTC-Enhancer}: Improving the Readability of Automatically Generated Tests},
  author={Devjeet Roy and Ziyi Zhang and Maggie Ma and Venera Arnaoudova and Annibale Panichella and Sebastiano Panichella and Danielle Gonzalez and Mehdi Mirakhorli},
  booktitle={IEEE/ACM International Conference on Automated Software Engineering},
  year={2020},
  series={ASE'20},
  organization={IEEE}
}

@inproceedings{Sun18,
author = {Sun, Chengnian and Li, Yuanbo and Zhang, Qirun and Gu, Tianxiao and Su, Zhendong},
title = {Perses: Syntax-Guided Program Reduction},
year = {2018},
isbn = {9781450356381},
publisher = {Association for Computing Machinery},
address = {New York, NY, USA},
url = {https://doi.org/10.1145/3180155.3180236},
doi = {10.1145/3180155.3180236},
booktitle = {Proceedings of the 40th International Conference on Software Engineering},
pages = {361–371},
numpages = {11},
keywords = {program reduction, debugging, delta debugging},
location = {Gothenburg, Sweden},
series = {ICSE '18}
}
