@inproceedings{gal2016dropout,
  title={Dropout as a bayesian approximation: Representing model uncertainty in deep learning},
  author={Gal, Yarin and Ghahramani, Zoubin},
  booktitle={international conference on machine learning},
  pages={1050--1059},
  year={2016}
}

@article{dasgupta2011two,
  title={Two faces of active learning},
  author={Dasgupta, Sanjoy},
  journal={Theoretical computer science},
  volume={412},
  number={19},
  pages={1767--1781},
  year={2011},
  publisher={Elsevier}
}


@article{houlsby2011bayesian,
  title={Bayesian active learning for classification and preference learning},
  author={Houlsby, Neil and Husz{\'a}r, Ferenc and Ghahramani, Zoubin and Lengyel, M{\'a}t{\'e}},
  journal={arXiv preprint arXiv:1112.5745},
  year={2011}
}

@article{cohn1996active,
  title={Active learning with statistical models},
  author={Cohn, David A and Ghahramani, Zoubin and Jordan, Michael I},
  journal={Journal of artificial intelligence research},
  volume={4},
  pages={129--145},
  year={1996}
}

@inproceedings{kendall2017uncertainties,
  title={What uncertainties do we need in bayesian deep learning for computer vision?},
  author={Kendall, Alex and Gal, Yarin},
  booktitle={Advances in neural information processing systems},
  pages={5574--5584},
  year={2017}
}

@inproceedings{gal2017deep,
  title={Deep bayesian active learning with image data},
  author={Gal, Yarin and Islam, Riashat and Ghahramani, Zoubin},
  booktitle={Proceedings of the 34th International Conference on Machine Learning-Volume 70},
  pages={1183--1192},
  year={2017},
  organization={JMLR. org}
}

@article{siddhant2018deep,
  title={Deep Bayesian active learning for natural language processing: Results of a large-scale empirical study},
  author={Siddhant, Aditya and Lipton, Zachary C},
  journal={arXiv preprint arXiv:1808.05697},
  year={2018}
}

@article{sener2017active,
  title={Active learning for convolutional neural networks: A core-set approach},
  author={Sener, Ozan and Savarese, Silvio},
  journal={arXiv preprint arXiv:1708.00489},
  year={2017}
}

@inproceedings{imagenet_cvpr09,
        AUTHOR = {Deng, J. and Dong, W. and Socher, R. and Li, L.-J. and Li, K. and Fei-Fei, L.},
        TITLE = {{ImageNet: A Large-Scale Hierarchical Image Database}},
        BOOKTITLE = {CVPR09},
        YEAR = {2009},
        BIBSOURCE = "http://www.image-net.org/papers/imagenet_cvpr09.bib"}

@article{paszke2017automatic,
  title={Automatic differentiation in PyTorch},
  author={Paszke, Adam and Gross, Sam and Chintala, Soumith and Chanan, Gregory and Yang, Edward and DeVito, Zachary and Lin, Zeming and Desmaison, Alban and Antiga, Luca and Lerer, Adam},
  year={2017}
}

@article{krawczyk2016learning,
  title={Learning from imbalanced data: open challenges and future directions},
  author={Krawczyk, Bartosz},
  journal={Progress in Artificial Intelligence},
  volume={5},
  number={4},
  pages={221--232},
  year={2016},
  publisher={Springer}
}

@article{tsymbalov2019deeper,
  title={Deeper Connections between Neural Networks and Gaussian Processes Speed-up Active Learning},
  author={Tsymbalov, Evgenii and Makarychev, Sergei and Shapeev, Alexander and Panov, Maxim},
  journal={arXiv preprint arXiv:1902.10350},
  year={2019}
}

@inproceedings{ipeirotis2010quality,
  title={Quality management on amazon mechanical turk},
  author={Ipeirotis, Panagiotis G and Provost, Foster and Wang, Jing},
  booktitle={Proceedings of the ACM SIGKDD workshop on human computation},
  pages={64--67},
  year={2010}
}

@inproceedings{abu2016youtube,
title	= {YouTube-8M: A Large-Scale Video Classification Benchmark},
author	= {Sami Abu-El-Haija and Nisarg Kothari and Joonseok Lee and Apostol (Paul) Natsev and George Toderici and Balakrishnan Varadarajan and Sudheendra Vijayanarasimhan},
year	= {2016},
URL	= {https://arxiv.org/pdf/1609.08675v1.pdf},
booktitle	= {arXiv:1609.08675}
}



@inproceedings{maddox2019simple,
  title={A simple baseline for bayesian uncertainty in deep learning},
  author={Maddox, Wesley J and Izmailov, Pavel and Garipov, Timur and Vetrov, Dmitry P and Wilson, Andrew Gordon},
  booktitle={Advances in Neural Information Processing Systems},
  pages={13132--13143},
  year={2019}
}

@inproceedings{beluch2018power,
  title={The power of ensembles for active learning in image classification},
  author={Beluch, William H and Genewein, Tim and N{\"u}rnberger, Andreas and K{\"o}hler, Jan M},
  booktitle={Proceedings of the IEEE Conference on Computer Vision and Pattern Recognition},
  pages={9368--9377},
  year={2018}
}

@article{scalia2019evaluating,
  title={Evaluating Scalable Uncertainty Estimation Methods for DNN-Based Molecular Property Prediction},
  author={Scalia, Gabriele and Grambow, Colin A and Pernici, Barbara and Li, Yi-Pei and Green, William H},
  journal={arXiv preprint arXiv:1910.03127},
  year={2019}
}

@article{gal2016uncertainty,
  title={Uncertainty in deep learning},
  author={Gal, Yarin},
  journal={University of Cambridge},
  volume={1},
  pages={3},
  year={2016}
}

@article{blundell2015weight,
  title={Weight uncertainty in neural networks},
  author={Blundell, Charles and Cornebise, Julien and Kavukcuoglu, Koray and Wierstra, Daan},
  journal={arXiv preprint arXiv:1505.05424},
  year={2015}
}
@article{luo2018mio,
  title={MIO-TCD: A new benchmark dataset for vehicle classification and localization},
  author={Luo, Zhiming and Branchaud-Charron, Frederic and Lemaire, Carl and Konrad, Janusz and Li, Shaozi and Mishra, Akshaya and Achkar, Andrew and Eichel, Justin and Jodoin, Pierre-Marc},
  journal={IEEE Transactions on Image Processing},
  volume={27},
  number={10},
  pages={5129--5141},
  year={2018},
  publisher={IEEE}
}

@inproceedings{krizhevsky2012imagenet,
  title={Imagenet classification with deep convolutional neural networks},
  author={Krizhevsky, Alex and Sutskever, Ilya and Hinton, Geoffrey E},
  booktitle={Advances in neural information processing systems},
  pages={1097--1105},
  year={2012}
}

@article{ioffe2015batch,
  title={Batch normalization: Accelerating deep network training by reducing internal covariate shift},
  author={Ioffe, Sergey and Szegedy, Christian},
  journal={arXiv preprint arXiv:1502.03167},
  year={2015}
}

@inproceedings{miller2019evaluating,
  title={Evaluating merging strategies for sampling-based uncertainty techniques in object detection},
  author={Miller, Dimity and Dayoub, Feras and Milford, Michael and S{\"u}nderhauf, Niko},
  booktitle={2019 International Conference on Robotics and Automation (ICRA)},
  pages={2348--2354},
  year={2019},
  organization={IEEE}
}

@inproceedings{peng2017acts,
  title={Acts: An active learning method for time series classification},
  author={Peng, Fengchao and Luo, Qiong and Ni, Lionel M},
  booktitle={2017 IEEE 33rd International Conference on Data Engineering (ICDE)},
  pages={175--178},
  year={2017},
  organization={IEEE}
}

@misc{kirsch2019batchbald,
    title={BatchBALD: Efficient and Diverse Batch Acquisition for Deep Bayesian Active Learning},
    author={Andreas Kirsch and Joost van Amersfoort and Yarin Gal},
    year={2019},
    eprint={1906.08158},
    archivePrefix={arXiv},
    primaryClass={cs.LG}
}

@inproceedings{Wilson2015DeepKL,
  title={Deep Kernel Learning},
  author={Andrew Gordon Wilson and Zhiting Hu and Ruslan Salakhutdinov and Eric P. Xing},
  booktitle={AISTATS},
  year={2015}
}


@article{zhang2015accelerating,
  title={Accelerating very deep convolutional networks for classification and detection},
  author={Zhang, Xiangyu and Zou, Jianhua and He, Kaiming and Sun, Jian},
  journal={IEEE transactions on pattern analysis and machine intelligence},
  volume={38},
  number={10},
  pages={1943--1955},
  year={2015},
  publisher={IEEE}
}

@article{allahbakhsh2013quality,
  title={Quality control in crowdsourcing systems: Issues and directions},
  author={Allahbakhsh, Mohammad and Benatallah, Boualem and Ignjatovic, Aleksandar and Motahari-Nezhad, Hamid Reza and Bertino, Elisa and Dustdar, Schahram},
  journal={IEEE Internet Computing},
  volume={17},
  number={2},
  pages={76--81},
  year={2013},
  publisher={IEEE}
}

@article{krizhevsky2009learning,
  title={Learning multiple layers of features from tiny images},
  author={Krizhevsky, Alex and Hinton, Geoffrey and others},
  year={2009},
  publisher={Citeseer}
}

@article{brodley1999identifying,
  title={Identifying mislabeled training data},
  author={Brodley, Carla E and Friedl, Mark A},
  journal={Journal of artificial intelligence research},
  volume={11},
  pages={131--167},
  year={1999}
}

@inproceedings{lowell2019practical,
  title={Practical obstacles to deploying active learning},
  author={Lowell, David and Lipton, Zachary C and Wallace, Byron C},
  booktitle={Proceedings of the 2019 Conference on Empirical Methods in Natural Language Processing and the 9th International Joint Conference on Natural Language Processing (EMNLP-IJCNLP)},
  pages={21--30},
  year={2019}
}

@article{wilson2020bayesian,
  title={Bayesian Deep Learning and a Probabilistic Perspective of Generalization},
  author={Wilson, Andrew Gordon and Izmailov, Pavel},
  journal={arXiv preprint arXiv:2002.08791},
  year={2020}
}

@book{oliphant2006guide,
  title={A guide to NumPy},
  author={Oliphant, Travis E},
  volume={1},
  year={2006},
  publisher={Trelgol Publishing USA}
}