@article{hill2001medical,
  title={Medical image registration},
  author={Hill, Derek LG and Batchelor, Philipp G and Holden, Mark and Hawkes, David J},
  journal={Physics in medicine \& biology},
  volume={46},
  number={3},
  pages={R1},
  year={2001},
  publisher={IOP Publishing}
}
@article{zitova2003image,
  title={Image registration methods: a survey},
  author={Zitova, Barbara and Flusser, Jan},
  journal={Image and vision computing},
  volume={21},
  number={11},
  pages={977--1000},
  year={2003},
  publisher={Elsevier}
}

@article{sotiras2013deformable,
  title={Deformable medical image registration: A survey},
  author={Sotiras, Aristeidis and Davatzikos, Christos and Paragios, Nikos},
  journal={IEEE transactions on medical imaging},
  volume={32},
  number={7},
  pages={1153--1190},
  year={2013},
  publisher={IEEE}
}



@article{shao2021prosregnet,
  title={ProsRegNet: a deep learning framework for registration of MRI and histopathology images of the prostate},
  author={Shao, Wei and Banh, Linda and Kunder, Christian A and Fan, Richard E and Soerensen, Simon JC and Wang, Jeffrey B and Teslovich, Nikola C and Madhuripan, Nikhil and Jawahar, Anugayathri and Ghanouni, Pejman and others},
  journal={Medical image analysis},
  volume={68},
  pages={101919},
  year={2021},
  publisher={Elsevier}
} 

@article{rueckert1999nonrigid,
  title={Nonrigid registration using free-form deformations: application to breast MR images},
  author={Rueckert, Daniel and Sonoda, Luke I and Hayes, Carmel and Hill, Derek LG and Leach, Martin O and Hawkes, David J},
  journal={IEEE transactions on medical imaging},
  volume={18},
  number={8},
  pages={712--721},
  year={1999},
  publisher={IEEE}
}

@article{haber2004numerical,
  title={Numerical methods for volume preserving image registration},
  author={Haber, Eldad and Modersitzki, Jan},
  journal={Inverse problems},
  volume={20},
  number={5},
  pages={1621},
  year={2004},
  publisher={IOP Publishing}
}


@article{ashburner2007fast,
  title={A fast diffeomorphic image registration algorithm},
  author={Ashburner, John},
  journal={Neuroimage},
  volume={38},
  number={1},
  pages={95--113},
  year={2007},
  publisher={Elsevier}
}


@article{bajcsy1989multiresolution,
  title={Multiresolution elastic matching},
  author={Bajcsy, Ruzena and Kova{\v{c}}i{\v{c}}, Stane},
  journal={Computer vision, graphics, and image processing},
  volume={46},
  number={1},
  pages={1--21},
  year={1989},
  publisher={Elsevier}
}

@article{avants2008symmetric,
  title={Symmetric diffeomorphic image registration with cross-correlation: evaluating automated labeling of elderly and neurodegenerative brain},
  author={Avants, Brian B and Epstein, Charles L and Grossman, Murray and Gee, James C},
  journal={Medical image analysis},
  volume={12},
  number={1},
  pages={26--41},
  year={2008},
  publisher={Elsevier}
}



@article{beg2005computing,
  title={Computing large deformation metric mappings via geodesic flows of diffeomorphisms},
  author={Beg, M Faisal and Miller, Michael I and Trouv{\'e}, Alain and Younes, Laurent},
  journal={International journal of computer vision},
  volume={61},
  number={2},
  pages={139--157},
  year={2005},
  publisher={Springer}
}


@inproceedings{sandkuhler2019recurrent,
  title={Recurrent Registration Neural Networks for Deformable Image Registration},
  author={Sandk{\"u}hler, Robin and Andermatt, Simon and Bauman, Grzegorz and Nyilas, Sylvia and Jud, Christoph and Cattin, Philippe C},
  booktitle={Advances in Neural Information Processing Systems},
  pages={8755--8765},
  year={2019}
}

@inproceedings{dalca2019learning,
  title={Learning conditional deformable templates with convolutional networks},
  author={Dalca, Adrian and Rakic, Marianne and Guttag, John and Sabuncu, Mert},
  booktitle={Advances in neural information processing systems},
  pages={804--816},
  year={2019}
}


@article{de2019deep,
  title={A deep learning framework for unsupervised affine and deformable image registration},
  author={de Vos, Bob D and Berendsen, Floris F and Viergever, Max A and Sokooti, Hessam and Staring, Marius and I{\v{s}}gum, Ivana},
  journal={Medical image analysis},
  volume={52},
  pages={128--143},
  year={2019},
  publisher={Elsevier}
}

@article{haskins2020deep,
  title={Deep learning in medical image registration: A survey},
  author={Haskins, Grant and Kruger, Uwe and Yan, Pingkun},
  journal={Machine Vision and Applications},
  volume={31},
  number={1},
  pages={8},
  year={2020},
  publisher={Springer}
}


@article{yang2017quicksilver,
  title={Quicksilver: Fast predictive image registration--a deep learning approach},
  author={Yang, Xiao and Kwitt, Roland and Styner, Martin and Niethammer, Marc},
  journal={NeuroImage},
  volume={158},
  pages={378--396},
  year={2017},
  publisher={Elsevier}
}


@article{neelakantan2015adding,
  title={Adding gradient noise improves learning for very deep networks},
  author={Neelakantan, Arvind and Vilnis, Luke and Le, Quoc V and Sutskever, Ilya and Kaiser, Lukasz and Kurach, Karol and Martens, James},
  journal={arXiv preprint arXiv:1511.06807},
  year={2015}
}




@inproceedings{cheng2019bayesian,
  title={A bayesian perspective on the deep image prior},
  author={Cheng, Zezhou and Gadelha, Matheus and Maji, Subhransu and Sheldon, Daniel},
  booktitle={Proceedings of the IEEE Conference on Computer Vision and Pattern Recognition},
  pages={5443--5451},
  year={2019}
}


@article{mackay1992practical,
  title={A practical Bayesian framework for backpropagation networks},
  author={MacKay, David JC},
  journal={Neural computation},
  volume={4},
  number={3},
  pages={448--472},
  year={1992},
  publisher={MIT Press}
}


@book{neal2012bayesian,
  title={Bayesian learning for neural networks},
  author={Neal, Radford M},
  volume={118},
  year={2012},
  publisher={Springer Science \& Business Media}
}

@inproceedings{gal2016dropout,
  title={Dropout as a bayesian approximation: Representing model uncertainty in deep learning},
  author={Gal, Yarin and Ghahramani, Zoubin},
  booktitle={international conference on machine learning},
  pages={1050--1059},
  year={2016}
}

@inproceedings{welling2011bayesian,
  title={Bayesian learning via stochastic gradient Langevin dynamics},
  author={Welling, Max and Teh, Yee W},
  booktitle={Proceedings of the 28th international conference on machine learning (ICML-11)},
  pages={681--688},
  year={2011}
}



@inproceedings{chen2016bridging,
  title={Bridging the gap between stochastic gradient MCMC and stochastic optimization},
  author={Chen, Changyou and Carlson, David and Gan, Zhe and Li, Chunyuan and Carin, Lawrence},
  booktitle={Artificial Intelligence and Statistics},
  pages={1051--1060},
  year={2016}
}




@inproceedings{isola2017image,
  title={Image-to-image translation with conditional adversarial networks},
  author={Isola, Phillip and Zhu, Jun-Yan and Zhou, Tinghui and Efros, Alexei A},
  booktitle={Proceedings of the IEEE conference on computer vision and pattern recognition},
  pages={1125--1134},
  year={2017}
}

@inproceedings{balakrish2018unsupervised,
  title={An unsupervised learning model for deformable medical image registration},
  author={Balakrishnan, Guha and Zhao, Amy and Sabuncu, Mert R and Guttag, John and Dalca, Adrian V},
  booktitle={Proceedings of the IEEE conference on computer vision and pattern recognition},
  pages={9252--9260},
  year={2018}
}


@article{dalca2019varreg,
	 title={Unsupervised Learning of Probabilistic Diffeomorphic Registration for Images and Surfaces},
	 author={{Adrian V. Dalca} and Balakrishnan, Guha and Guttag, John and Sabuncu, Mert},
	 journal={Medical Image Analysis},
	 pages={226-236},
	 volume={57},
	 year={2019}
}


@inproceedings{dalca2018varreg,
  title={Unsupervised learning for fast probabilistic diffeomorphic registration},
  author={Dalca, Adrian V and Balakrishnan, Guha and Guttag, John and Sabuncu, Mert R},
  booktitle={International Conference on Medical Image Computing and Computer-Assisted Intervention},
  pages={729--738},
  year={2018},
  organization={Springer}
}




@inproceedings{balakrishnan2018unsupervised,
  title={An unsupervised learning model for deformable medical image registration},
  author={Balakrishnan, Guha and Zhao, Amy and Sabuncu, Mert R and Guttag, John and Dalca, Adrian V},
  booktitle={Proceedings of the IEEE conference on computer vision and pattern recognition},
  pages={9252--9260},
  year={2018}
}




@article{klein2009evaluation,
  title={Evaluation of 14 nonlinear deformation algorithms applied to human brain MRI registration},
  author={Klein, Arno and Andersson, Jesper and Ardekani, Babak A and Ashburner, John and Avants, Brian and Chiang, Ming-Chang and Christensen, Gary E and Collins, D Louis and Gee, James and Hellier, Pierre and others},
  journal={Neuroimage},
  volume={46},
  number={3},
  pages={786--802},
  year={2009},
  publisher={Elsevier}
}



@article{kingma2013auto,
  title={Auto-encoding variational bayes},
  author={Kingma, Diederik P and Welling, Max},
  journal={arXiv preprint arXiv:1312.6114},
  year={2013}
}




@article{kendall2017uncertainties,
  title={What uncertainties do we need in bayesian deep learning for computer vision?},
  author={Kendall, Alex and Gal, Yarin},
  journal={arXiv preprint arXiv:1703.04977},
  year={2017}
}




@article{edupuganti2020uncertainty,
  title={Uncertainty quantification in deep mri reconstruction},
  author={Edupuganti, Vineet and Mardani, Morteza and Vasanawala, Shreyas and Pauly, John},
  journal={IEEE Transactions on Medical Imaging},
  volume={40},
  number={1},
  pages={239--250},
  year={2020},
  publisher={IEEE}
}


@inproceedings{arsigny2006log,
  title={A log-euclidean framework for statistics on diffeomorphisms},
  author={Arsigny, Vincent and Commowick, Olivier and Pennec, Xavier and Ayache, Nicholas},
  booktitle={International Conference on Medical Image Computing and Computer-Assisted Intervention},
  pages={924--931},
  year={2006},
  organization={Springer}
}


@inproceedings{ronneberger2015u,
  title={U-net: Convolutional networks for biomedical image segmentation},
  author={Ronneberger, Olaf and Fischer, Philipp and Brox, Thomas},
  booktitle={International Conference on Medical image computing and computer-assisted intervention},
  pages={234--241},
  year={2015},
  organization={Springer}
}



@article{dice1945measures,
  title={Measures of the amount of ecologic association between species},
  author={Dice, Lee R},
  journal={Ecology},
  volume={26},
  number={3},
  pages={297--302},
  year={1945},
  publisher={Wiley Online Library}
}



@article{shattuck2008construction,
  title={Construction of a 3D probabilistic atlas of human cortical structures},
  author={Shattuck, David W and Mirza, Mubeena and Adisetiyo, Vitria and Hojatkashani, Cornelius and Salamon, Georges and Narr, Katherine L and Poldrack, Russell A and Bilder, Robert M and Toga, Arthur W},
  journal={Neuroimage},
  volume={39},
  number={3},
  pages={1064--1080},
  year={2008},
  publisher={Elsevier}
}



@article{avants2011reproducible,
  title={A reproducible evaluation of ANTs similarity metric performance in brain image registration},
  author={Avants, Brian B and Tustison, Nicholas J and Song, Gang and Cook, Philip A and Klein, Arno and Gee, James C},
  journal={Neuroimage},
  volume={54},
  number={3},
  pages={2033--2044},
  year={2011},
  publisher={Elsevier}
}

@article{abadi2016tensorflow,
  title={Tensorflow: Large-scale machine learning on heterogeneous distributed systems},
  author={Abadi, Mart{\'\i}n and Agarwal, Ashish and Barham, Paul and Brevdo, Eugene and Chen, Zhifeng and Citro, Craig and Corrado, Greg S and Davis, Andy and Dean, Jeffrey and Devin, Matthieu and others},
  journal={arXiv preprint arXiv:1603.04467},
  year={2016}
}

@article{kingma2014adam,
  title={Adam: A method for stochastic optimization},
  author={Kingma, Diederik P and Ba, Jimmy},
  journal={arXiv preprint arXiv:1412.6980},
  year={2014}
}

@article{freiman2019unsupervised,
  title={Unsupervised abnormality detection through mixed structure regularization (MSR) in deep sparse autoencoders},
  author={Freiman, Moti and Manjeshwar, Ravindra and Goshen, Liran},
  journal={Medical physics},
  volume={46},
  number={5},
  pages={2223--2231},
  year={2019},
  publisher={Wiley Online Library}
}





@article{tanno2021uncertainty,
  title={Uncertainty modelling in deep learning for safer neuroimage enhancement: Demonstration in diffusion MRI},
  author={Tanno, Ryutaro and Worrall, Daniel E and Kaden, Enrico and Ghosh, Aurobrata and Grussu, Francesco and Bizzi, Alberto and Sotiropoulos, Stamatios N and Criminisi, Antonio and Alexander, Daniel C},
  journal={NeuroImage},
  volume={225},
  pages={117366},
  year={2021},
  publisher={Elsevier}
}


@article{antun2019instabilities,
  title={On instabilities of deep learning in image reconstruction-Does AI come at a cost?},
  author={Antun, Vegard and Renna, Francesco and Poon, Clarice and Adcock, Ben and Hansen, Anders C},
  journal={arXiv preprint arXiv:1902.05300},
  year={2019}
}



@article{osband2016deep,
  title={Deep exploration via bootstrapped DQN},
  author={Osband, Ian and Blundell, Charles and Pritzel, Alexander and Van Roy, Benjamin},
  journal={arXiv preprint arXiv:1602.04621},
  year={2016}
}

@article{jospin2020hands,
  title={Hands-on Bayesian Neural Networks--a Tutorial for Deep Learning Users},
  author={Jospin, Laurent Valentin and Buntine, Wray and Boussaid, Farid and Laga, Hamid and Bennamoun, Mohammed},
  journal={arXiv preprint arXiv:2007.06823},
  year={2020}
}



@article{unberath2021impact,
  title={The impact of machine learning on 2d/3d registration for image-guided interventions: A systematic review and perspective},
  author={Unberath, Mathias and Gao, Cong and Hu, Yicheng and Judish, Max and Taylor, Russell H and Armand, Mehran and Grupp, Robert},
  journal={Frontiers in Robotics and AI},
  pages={260},
  year={2021},
  publisher={Frontiers}
}



@inproceedings{luo2019applicability,
  title={On the applicability of registration uncertainty},
  author={Luo, Jie and Sedghi, Alireza and Popuri, Karteek and Cobzas, Dana and Zhang, Miaomiao and Preiswerk, Frank and Toews, Matthew and Golby, Alexandra and Sugiyama, Masashi and Wells, William M and others},
  booktitle={International Conference on Medical Image Computing and Computer-Assisted Intervention},
  pages={410--419},
  year={2019},
  organization={Springer}
}


@inproceedings{jackson2021effect,
  title={Effect of uncertainty on target registration error in image-guided renal interventions: from simulation to in-vitro assessment},
  author={Jackson, Peter and Simon, Richard and Linte, Cristian},
  booktitle={Medical Imaging 2021: Image-Guided Procedures, Robotic Interventions, and Modeling},
  volume={11598},
  pages={115980I},
  year={2021},
  organization={International Society for Optics and Photonics}
}




