@article{schlegl2019f,
  title={f-AnoGAN: Fast unsupervised anomaly detection with generative adversarial networks},
  author={Schlegl, Thomas and Seeb{\"o}ck, Philipp and Waldstein, Sebastian M and Langs, Georg and Schmidt-Erfurth, Ursula},
  journal={Medical image analysis},
  volume={54},
  pages={30--44},
  year={2019},
  publisher={Elsevier}
}

@inproceedings{baur2020steganomaly,
  title={SteGANomaly: Inhibiting CycleGAN steganography for unsupervised anomaly detection in brain MRI},
  author={Baur, Christoph and Graf, Robert and Wiestler, Benedikt and Albarqouni, Shadi and Navab, Nassir},
  booktitle={International Conference on Medical Image Computing and Computer-Assisted Intervention},
  pages={718--727},
  year={2020},
  organization={Springer}
}

@inproceedings{bozcan2020uav,
  title={UAV-ADnet: Unsupervised anomaly detection using deep neural networks for aerial surveillance},
  author={Bozcan, Ilker and Kayacan, Erdal},
  booktitle={2020 IEEE/RSJ International Conference on Intelligent Robots and Systems (IROS)},
  pages={1158--1164},
  year={2020},
  organization={IEEE}
}

@article{sohn2020learning,
  title={Learning and evaluating representations for deep one-class classification},
  author={Sohn, Kihyuk and Li, Chun-Liang and Yoon, Jinsung and Jin, Minho and Pfister, Tomas},
  journal={arXiv preprint arXiv:2011.02578},
  year={2020}
}


@article{buda2020detection:buda ,
    author = "Buda, Mateusz and Saha, Ashirbani and Walsh, Ruth and Ghate, Sujata and Li, Nianyi and {\'S}wiecicki, Albert and Lo, Joseph Y and Mazurowski, Maciej A",
    title = "Detection of masses and architectural distortions in digital breast tomosynthesis: a publicly available dataset of 5,060 patients and a deep learning model",
    journal = "arXiv preprint arXiv:2011.07995",
    year = "2020"
}

@article{chalapathy2019deep:chala,
  author = "Chalapathy, Raghavendra and Chawla, Sanjay",
  title = "Deep learning for anomaly detection: A survey",
  journal = "arXiv preprint arXiv:1901.03407",
  year = "2019"
}

@inproceedings{ruff2018deep:ruff,
  author = "Ruff, Lukas and Vandermeulen, Robert and Goernitz, Nico and Deecke, Lucas and Siddiqui, Shoaib Ahmed and Binder, Alexander and M{\"u}ller, Emmanuel and Kloft, Marius",
  title = "Deep one-class classification",
  booktitle = "International conference on machine learning",
  pages = "4393--4402",
  year = "2018"
}

@article{lee2018simple:lee,
  author = "Lee, Kimin and Lee, Kibok and Lee, Honglak and Shin, Jinwoo",
  title = "A simple unified framework for detecting out-of-distribution samples and adversarial attacks",
  journal = "Advances in Neural Information Processing Systems",
  volume = "31",
  pages = "7167--7177",
  year = "2018"
}

@article{ouyang2020video:video,
  author = "Ouyang, Yuqi and Sanchez, Victor",
  title = "Video Anomaly Detection by Estimating Likelihood of Representations",
  journal = "arXiv preprint arXiv:2012.01468",
  year = "2020"
}


@article{cao2020benchmark:benchmark,
  author = "Cao, Tianshi and Huang, Chinwei and Hui, David Yu-Tung and Cohen, Joseph Paul",
  title = "A benchmark of medical out of distribution detection",
  journal = "arXiv preprint arXiv:2007.04250",
  year = "2020"
}

@article{liang2017enhancing:liang,
  author = "Liang, Shiyu and Li, Yixuan and Srikant, Rayadurgam",
  title = "Enhancing the reliability of out-of-distribution image detection in neural networks",
  journal = "arXiv preprint arXiv:1706.02690",
  year = "2017"
}

@article{zenati2018efficient:zenati,
  author = "Zenati, Houssam and Foo, Chuan Sheng and Lecouat, Bruno and Manek, Gaurav and Chandrasekhar, Vijay Ramaseshan",
  title = "Efficient gan-based anomaly detection",
  journal = "arXiv preprint arXiv:1802.06222",
  year = "2018"
}

@article{di2019survey:di,
  author = "Di Mattia, Federico and Galeone, Paolo and De Simoni, Michele and Ghelfi, Emanuele",
   title = "A survey on gans for anomaly detection",
  journal = "arXiv preprint arXiv:1906.11632",
  year = "2019"
}

@article{donahue2016adversarial:donahue,
  author = "Donahue, Jeff and Kr{\"a}henb{\"u}hl, Philipp and Darrell, Trevor",
  title = "Adversarial feature learning",
  journal = "arXiv preprint arXiv:1605.09782",
  year = "2016"
}

@inproceedings{schlegl2017unsupervised:schlegl,
  author = "Schlegl, Thomas and Seeb{\"o}ck, Philipp and Waldstein, Sebastian M and Schmidt-Erfurth, Ursula and Langs, Georg",
  title = "Unsupervised anomaly detection with generative adversarial networks to guide marker discovery",
  booktitle = "International conference on information processing in medical imaging",
  pages = "146--157",
  year = "2017",
  organization= "Springer"
}

@inproceedings{akcay2018ganomaly:akcay,
  author = "Akcay, Samet and Atapour-Abarghouei, Amir and Breckon, Toby P",
  title = "Ganomaly: Semi-supervised anomaly detection via adversarial training",
  booktitle = "Asian conference on computer vision",
  pages = "622--637",
  year = "2018",
  organization = "Springer"
}


@inproceedings{hendrycks2018deep:hendry,
  author = "Hendrycks, Dan and Mazeika, Mantas and Dietterich, Thomas",
  title = "Deep Anomaly Detection with Outlier Exposure",
  booktitle = "International Conference on Learning Representations",
  year = "2018"
}

@article{perera2019learning:perera,
  author = "Perera, Pramuditha and Patel, Vishal M",
  title = "Learning deep features for one-class classification",
  journal = "IEEE Transactions on Image Processing",
  volume = "28",
  number = "11",
  pages = "5450--5463",
  year = "2019",
  publisher = "IEEE"
}


@article{an2015variational:an,
  author = "An, Jinwon and Cho, Sungzoon",
  title = "Variational autoencoder based anomaly detection using reconstruction probability",
  journal = "Special Lecture on IE",
  volume = "2",
  number = "1",
  pages = "1--18",
  year = "2015"
}

@inproceedings{cui2017compact:compact,
  author = "Cui, Dongshun and Zhang, Guanghao and Han, Wei and Lekamalage Chamara Kasun, Liyanaarachchi and Hu, Kai and Huang, Guang-Bin",
  title = "Compact feature representation for image classification using elms",
  booktitle = "Proceedings of the IEEE International Conference on Computer Vision Workshops",
  pages = "1015--1022",
  year = "2017"
}


@article{liznerski2020explainable:explainable,
  author = "Liznerski, Philipp and Ruff, Lukas and Vandermeulen, Robert A and Franks, Billy Joe and Kloft, Marius and M{\"u}ller, Klaus-Robert",
  title = "Explainable Deep One-Class Classification",
  journal = "arXiv preprint arXiv:2007.01760",
  year = "2020"
}

@article{schlachter2019deep:schlachter,
  author = "Schlachter, Patrick and Liao, Yiwen and Yang, Bin",
  title = "Deep one-class classification using intra-class splitting",
  journal = "arXiv preprint arXiv:1902.01194",
  year = "2019"
}

@article{ni2020deep:ivc,
  author = "Ni, Jason C and Shpanskaya, Katie and Han, Michelle and Lee, Edward H and Do, Bao H and Kuo, William T and Yeom, Kristen W and Wang, David S",
   title = "Deep Learning for Automated Classification of Inferior Vena Cava Filter Types on Radiographs",
  journal = "Journal of Vascular and Interventional Radiology",
  volume = "31",
  number = "1",
  pages = "66--73",
  year = "2020",
  publisher = "Elsevier"
}

@inproceedings{tack2020csi:tack,
  title = "CSI: Novelty Detection via Contrastive Learning on Distributionally Shifted Instances",
  author = "Jihoon Tack and Sangwoo Mo and Jongheon Jeong and Jinwoo Shin",
  booktitle = "Advances in Neural Information Processing Systems",
  year = "2020"
}


@inproceedings{ren2019likelihood:likelihood,
  author = "Ren, Jie and Liu, Peter J and Fertig, Emily and Snoek, Jasper and Poplin, Ryan and Depristo, Mark and Dillon, Joshua and Lakshminarayanan, Balaji",
  title = "Likelihood ratios for out-of-distribution detection",
  booktitle = "Advances in Neural Information Processing Systems",
  pages = "14707--14718",
  year = "2019"
}

@inproceedings{sakurada2014anomaly:autoencoder,
  author = "Sakurada, Mayu and Yairi, Takehisa",
  title = "Anomaly detection using autoencoders with nonlinear dimensionality reduction",
  booktitle = "Proceedings of the MLSDA 2014 2nd Workshop on Machine Learning for Sensory Data Analysis",
  pages = "4--11",
  year = "2014"
}

@inproceedings{zhou2017anomaly:autoencoder,
  author = "Zhou, Chong and Paffenroth, Randy C",
  title = "Anomaly detection with robust deep autoencoders",
  booktitle = "Proceedings of the 23rd ACM SIGKDD International Conference on Knowledge Discovery and Data Mining",
  pages = "665--674",
  year = "2017"
}

@article{scholkopf2001estimating:ocsvm,
  author = "Sch{\"o}lkopf, Bernhard and Platt, John C and Shawe-Taylor, John and Smola, Alex J and Williamson, Robert C",
  title = "Estimating the support of a high-dimensional distribution",
  journal = "Neural computation",
  volume = "13",
  number = "7",
  pages = "1443--1471",
  year = "2001",
  publisher = "MIT Press"
}

@inproceedings{beggel2019robust:autoencoder,
  author = "Beggel, Laura and Pfeiffer, Michael and Bischl, Bernd",
  title = "Robust anomaly detection in images using adversarial autoencoders",
  booktitle = "Joint European Conference on Machine Learning and Knowledge Discovery in Databases",
  pages = "206--222",
  year = "2019",
  organization = "Springer"
}

@inproceedings{perera2019ocgan:ocgan,
  author = "Perera, Pramuditha and Nallapati, Ramesh and Xiang, Bing",
  title = "Ocgan: One-class novelty detection using gans with constrained latent representations",
  booktitle = "Proceedings of the IEEE Conference on Computer Vision and Pattern Recognition",
  pages = "2898--2906",
  year = "2019"
}

@article{kathiravelu2020developing:niffler,
  author = "Kathiravelu, Pradeeban and Sharma, Ashish and Purkayastha, Saptarshi and Sinha, Priyanshu and Cadrin-Chenevert, Alexandre and Banerjee, Imon and Gichoya, Judy Wawira",
  title = "Developing and Deploying Machine Learning Pipelines against Real-Time Image Streams from the PACS",
  journal = "arXiv preprint arXiv:2004.07965",
  year = "2020"
}

@inproceedings{yu2019unsupervised,
  title={Unsupervised out-of-distribution detection by maximum classifier discrepancy},
  author={Yu, Qing and Aizawa, Kiyoharu},
  booktitle={Proceedings of the IEEE/CVF International Conference on Computer Vision},
  pages={9518--9526},
  year={2019}
}

@inproceedings{sehwag2019analyzing,
  title={Analyzing the robustness of open-world machine learning},
  author={Sehwag, Vikash and Bhagoji, Arjun Nitin and Song, Liwei and Sitawarin, Chawin and Cullina, Daniel and Chiang, Mung and Mittal, Prateek},
  booktitle={Proceedings of the 12th ACM Workshop on Artificial Intelligence and Security},
  pages={105--116},
  year={2019}
}

@article{song2020critical,
  title={A critical evaluation of open-world machine learning},
  author={Song, Liwei and Sehwag, Vikash and Bhagoji, Arjun Nitin and Mittal, Prateek},
  journal={arXiv preprint arXiv:2007.04391},
  year={2020}
}

@inproceedings{chen2020simple,
  title={A simple framework for contrastive learning of visual representations},
  author={Chen, Ting and Kornblith, Simon and Norouzi, Mohammad and Hinton, Geoffrey},
  booktitle={International conference on machine learning},
  pages={1597--1607},
  year={2020},
  organization={PMLR}
}

@article{lecun-mnisthandwrittendigit-2010,
  added-at = {2010-06-28T21:16:30.000+0200},
  author = {LeCun, Yann and Cortes, Corinna},
  biburl = {https://www.bibsonomy.org/bibtex/2935bad99fa1f65e03c25b315aa3c1032/mhwombat},
  groups = {public},
  howpublished = {http://yann.lecun.com/exdb/mnist/},
  interhash = {21b9d0558bd66279df9452562df6e6f3},
  intrahash = {935bad99fa1f65e03c25b315aa3c1032},
  keywords = {MSc _checked character_recognition mnist network neural},
  lastchecked = {2016-01-14 14:24:11},
  timestamp = {2016-07-12T19:25:30.000+0200},
  title = {{MNIST} handwritten digit database},
  url = {http://yann.lecun.com/exdb/mnist/},
  username = {mhwombat},
  year = {2010}
}

@article{xiao2017fashion,
  title={Fashion-mnist: a novel image dataset for benchmarking machine learning algorithms},
  author={Xiao, Han and Rasul, Kashif and Vollgraf, Roland},
  journal={arXiv preprint arXiv:1708.07747},
  year={2017}
}


@article{krizhevsky2010cifar,
  title={Cifar-10 (canadian institute for advanced research)},
  author={Krizhevsky, Alex and Nair, Vinod and Hinton, Geoffrey},
  journal={URL http://www. cs. toronto. edu/kriz/cifar. html},
  volume={5},
  year={2010}
}

@inproceedings{deng2009imagenet,
  title={Imagenet: A large-scale hierarchical image database},
  author={Deng, Jia and Dong, Wei and Socher, Richard and Li, Li-Jia and Li, Kai and Fei-Fei, Li},
  booktitle={2009 IEEE conference on computer vision and pattern recognition},
  pages={248--255},
  year={2009},
  organization={Ieee}
}

@inproceedings{codella2018skin,
  title={Skin lesion analysis toward melanoma detection: A challenge at the 2017 international symposium on biomedical imaging (isbi), hosted by the international skin imaging collaboration (isic)},
  author={Codella, Noel CF and Gutman, David and Celebi, M Emre and Helba, Brian and Marchetti, Michael A and Dusza, Stephen W and Kalloo, Aadi and Liopyris, Konstantinos and Mishra, Nabin and Kittler, Harald and others},
  booktitle={2018 IEEE 15th International Symposium on Biomedical Imaging (ISBI 2018)},
  pages={168--172},
  year={2018},
  organization={IEEE}
}

@inproceedings{wang2017chestx,
  title={Chestx-ray8: Hospital-scale chest x-ray database and benchmarks on weakly-supervised classification and localization of common thorax diseases},
  author={Wang, Xiaosong and Peng, Yifan and Lu, Le and Lu, Zhiyong and Bagheri, Mohammadhadi and Summers, Ronald M},
  booktitle={Proceedings of the IEEE conference on computer vision and pattern recognition},
  pages={2097--2106},
  year={2017}
}

@article{liang2017enhancing,
  title={Enhancing the reliability of out-of-distribution image detection in neural networks},
  author={Liang, Shiyu and Li, Yixuan and Srikant, Rayadurgam},
  journal={arXiv preprint arXiv:1706.02690},
  year={2017}
}

@article{khan2014one,
  title={One-class classification: taxonomy of study and review of techniques},
  author={Khan, Shehroz S and Madden, Michael G},
  journal={The Knowledge Engineering Review},
  volume={29},
  number={3},
  pages={345--374},
  year={2014},
  publisher={Cambridge University Press}
}

@article{litjens2017survey,
  title={A survey on deep learning in medical image analysis},
  author={Litjens, Geert and Kooi, Thijs and Bejnordi, Babak Ehteshami and Setio, Arnaud Arindra Adiyoso and Ciompi, Francesco and Ghafoorian, Mohsen and Van Der Laak, Jeroen Awm and Van Ginneken, Bram and S{\'a}nchez, Clara I},
  journal={Medical image analysis},
  volume={42},
  pages={60--88},
  year={2017},
  publisher={Elsevier}
}


@book{mcclelland1986parallel,
  title={Parallel distributed processing\: Explorations in the microstructure of cognition},
  author={David Rumelhart, Geoffrey Hinton, Robert Jackson Williams},
  journal={Learning Internal Representations by Error Propagation},
  volume={1},
  pages={318--362},
  year={1986},
  publisher={MIT press Cambridge, MA}
}

@inproceedings{pol2019anomaly,
  title={Anomaly detection with conditional variational autoencoders},
  author={Pol, Adrian Alan and Berger, Victor and Germain, Cecile and Cerminara, Gianluca and Pierini, Maurizio},
  booktitle={2019 18th IEEE International Conference On Machine Learning And Applications (ICMLA)},
  pages={1651--1657},
  year={2019},
  organization={IEEE}
}

@phdthesis{lupo2019variational,
  title={Variational Autoencoder for unsupervised anomaly detection},
  author={Lupo, Francesco},
  year={2019},
  school={Politecnico di Torino}
}

@article{an2015variational,
  title={Variational autoencoder based anomaly detection using reconstruction probability},
  author={An, Jinwon and Cho, Sungzoon},
  journal={Special Lecture on IE},
  volume={2},
  number={1},
  pages={1--18},
  year={2015}
}

@inproceedings{tagawa2015structured,
  title={Structured denoising autoencoder for fault detection and analysis},
  author={Tagawa, Takaaki and Tadokoro, Yukihiro and Yairi, Takehisa},
  booktitle={Asian Conference on Machine Learning},
  pages={96--111},
  year={2015},
  organization={PMLR}
}

@article{goodfellow2020generative,
  title={Generative adversarial networks},
  author={Goodfellow, Ian and Pouget-Abadie, Jean and Mirza, Mehdi and Xu, Bing and Warde-Farley, David and Ozair, Sherjil and Courville, Aaron and Bengio, Yoshua},
  journal={Communications of the ACM},
  volume={63},
  number={11},
  pages={139--144},
  year={2020},
  publisher={ACM New York, NY, USA}
}