% CV ML Conference
@string{CVPR = "CVPR"}
@string{NIPS = "NIPS"}
@string{ICCV = "ICCV"}
@string{ICLR = "ICLR"}
@string{ECCV = "ECCV"}
@string{BMVC = "BMVC"}
@string{ICML = "ICML"}
@string{ICME = "ICME"}
@string{IJCAI = "IJCAI"}
@string{AAAI = "AAAI"}
@string{ICPR = "ICPR"}
@string{ICIP = "ICIP"}
@string{ACCV = "ACCV"}
@string{ICCP = "ICCP"}

@string{CVPRW = "CVPR Workshops"}
@string{ICCVW = "ICCV Workshops"}
@string{ICLRW = "ICLR Workshops"}
@string{ECCVW = "ECCV Workshops"}
@string{NIPSW = "NIPS Workshops"}

% CV ML Journal
@string{TPAMI = "IEEE TPAMI"}
@string{TIP = "IEEE TIP"}
@string{IJCV = "IJCV"}
@string{CVIU = "CVIU"}
@string{JAIR = "Journal of Artificial Intelligence Research"}
@string{JMLR = "Journal of Machine Learning Research"}
@string{IEEEMI = "IEEE Transactions on Medical Imaging"}

% Graphics
@string{SIGGRAPH = "SIGGRAPH"}
@string{TOG = "ACM TOG"}

% Robotics
@string{ICRA = "ICRA"}
@string{IJRR = "IJRR"}
@string{JRA= "IEEE Journal of Robotics and Automation"}

%% References

%%%%%%%%%%%%%%%%%%%% Software %%%%%%%%%%%%%%%
  @inproceedings{collobert2011torch7,
    title={Torch7: A matlab-like environment for machine learning},
    author={Collobert, Ronan and Kavukcuoglu, Koray and Farabet, Cl{\'e}ment},
    booktitle={BigLearn, NIPS Workshop},
    year={2011}
  }
  @misc{paszke2017pytorch,
    title={{PyTorch}: Tensors and dynamic neural networks in Python with strong GPU acceleration},
    author={Paszke, Adam and Gross, Sam and Chintala, Soumith and Chanan, Gregory},
    year={2017}
  }
  @misc{povray,
   title={Persistence of vision (tm) raytracer},
   note={\url{http://www.povray.org/}}
  }
  @misc{jakob2010mitsuba,
    title={Mitsuba renderer},
    author={Jakob, Wenzel},
    year={2010}
  }

%%%%%%%%%%%%%%%%%%%%%% Dataset %%%%%%%%%%%%%%%%%%%%
  @inproceedings{deng2009imagenet,
    title={Imagenet: A large-scale hierarchical image database},
    author={Deng, Jia and Dong, Wei and Socher, Richard and Li, Li-Jia and Li, Kai and Fei-Fei, Li},
    booktitle=CVPR,
    year={2009}
  }
  @inproceedings{lin2014microsoft,
    title={Microsoft coco: Common objects in context},
    author={Lin, Tsung-Yi and Maire, Michael and Belongie, Serge and Hays, James and Perona, Pietro and Ramanan, Deva and Doll{\'a}r, Piotr and Zitnick, C Lawrence},
    booktitle=ECCV,
    year={2014},
  }

%%%%%%%%%%%%%%%%%%%%%% Image Processing, Evaluation Metrics %%%%%%%%%%%%%%%%%%%%%%
  @article{wang2004image,
    title={Image quality assessment: from error visibility to structural similarity},
    author={Wang, Zhou and Bovik, Alan C and Sheikh, Hamid R and Simoncelli, Eero P},
    journal=TIP,
    year={2004},
  }

%%%%%%%%%%%%%%%%%%%%%% Neural Network Architecture %%%%%%%%%%%%%%%%%%%%%%%%%%%%%%%%%
  @article{bromley1993signature,
    title={SIGNATURE VERIFICATION USING A {"Siamese"} TIME DELAY NEURAL NETWORK},
    author={Bromley, Jane and Guyon, Isabelle and LeCun, Yann and S{\"a}ckinger, Eduard and Shah, Roopak},
    journal={International Journal of Pattern Recognition and Artificial Intelligence},
    year={1993}
  }
  @article{lecun1998gradient,
    title={Gradient-based learning applied to document recognition},
    author={LeCun, Yann and Bottou, L{\'e}on and Bengio, Yoshua and Haffner, Patrick},
    journal={Proceedings of the IEEE},
    year={1998},
  }
  @inproceedings{krizhevsky2012imagenet,
    title={Imagenet classification with deep convolutional neural networks},
    author={Krizhevsky, Alex and Sutskever, Ilya and Hinton, Geoffrey E},
    booktitle=NIPS,
    year={2012}
  }
  @inproceedings{girshick2015fast,
    title={Fast r-cnn},
    author={Girshick, Ross},
    booktitle=ICCV,
    year={2015}
  }
  @inproceedings{long2015fully,
    title={Fully convolutional networks for semantic segmentation},
    author={Long, Jonathan and Shelhamer, Evan and Darrell, Trevor},
    booktitle=CVPR,
    year={2015}
  }
  @inproceedings{jaderberg2015spatial,
    title={Spatial transformer networks},
    author={Jaderberg, Max and Simonyan, Karen and Zisserman, Andrew and others},
    booktitle=NIPS,
    year={2015}
  }
  @inproceedings{ronneberger2015u,
    title={U-net: Convolutional networks for biomedical image segmentation},
    author={Ronneberger, Olaf and Fischer, Philipp and Brox, Thomas},
    booktitle={International Conference on Medical Image Computing and Computer-Assisted Intervention},
    year={2015},
  }
  @inproceedings{kim2016accurate,
    title={Accurate image super-resolution using very deep convolutional networks},
    author={Kim, Jiwon and Kwon Lee, Jung and Mu Lee, Kyoung},
    booktitle=CVPR,
    year={2016}
  }
  @inproceedings{he2016deep,
    title={Deep residual learning for image recognition},
    author={He, Kaiming and Zhang, Xiangyu and Ren, Shaoqing and Sun, Jian},
    booktitle=CVPR,
    year={2016}
  }
  @InProceedings{Nah_2017_CVPR,
    author = {Nah, Seungjun and Kim, Tae Hyun and Lee, Kyoung Mu},
    title={Deep multi-scale convolutional neural network for dynamic scene deblurring},
    booktitle = CVPR,
    year = {2017}
  }
  @inproceedings{shi2016learning,
    title={Learning Non-{Lambertian} Object Intrinsics across ShapeNet Categories},
    author={Shi, Jian and Dong, Yue and Su, Hao and Yu, Stella X},
    Booktitle=CVPR,
    year={2017}
  }

%%%%%%%%%%%%%%%%%%%%%% Optimization Method, Solver %%%%%%%%%%%%%%%%%%%%%%
  @inproceedings{kingma2014adam,
    title={Adam: A method for stochastic optimization},
    author={Kingma, Diederik and Ba, Jimmy},
    Booktitle=ICLR,
    year={2015}
  }

%%%%%%%%%%%%%%%%%%%%%% Image Matting Related Work %%%%%%%%%%%%%%%%%%%%%%
  @inproceedings{smith1996blue,
    title={Blue screen matting},
    author={Smith, Alvy Ray and Blinn, James F},
    booktitle=SIGGRAPH,
    year={1996},
  }
  @inproceedings{chuang2003shadow,
    title={Shadow matting and compositing},
    author={Chuang, Yung-Yu and Goldman, Dan B and Curless, Brian and Salesin, David H and Szeliski, Richard},
    journal=TOG,
    year={2003},
  }
  @article{wu2007natural,
    title={Natural shadow matting},
    author={Wu, Tai-Pang and Tang, Chi-Keung and Brown, Michael S and Shum, Heung-Yeung},
    journal=TOG,
    year={2007},
  }
  @inproceedings{shen2016deep,
    title={Deep automatic portrait matting},
    author={Shen, Xiaoyong and Tao, Xin and Gao, Hongyun and Zhou, Chao and Jia, Jiaya},
    booktitle=ECCV,
    year={2016},
  }
  @inproceedings{cho2016natural,
    title={Natural image matting using deep convolutional neural networks},
    author={Cho, Donghyeon and Tai, Yu-Wing and Kweon, Inso},
    booktitle=ECCV,
    year={2016}
  }
  @inproceedings{xu2017deep,
    title={Deep Image Matting},
    author={Xu, Ning and Price, Brian and Cohen, Scott and Huang, Thomas},
    booktitle=CVPR,
    year={2017}
  }

%%%%%%%%%%%%%%%%%%%% Environment Matting Related Work %%%%%%%%%%%%%%%%%%%%
  @inproceedings{zongker1999environment,
    title={Environment matting and compositing},
    author={Zongker, Douglas E and Werner, Dawn M and Curless, Brian and Salesin, David H},
    booktitle=SIGGRAPH,
    year={1999},
  }
  @inproceedings{chuang2000environment,
    title={Environment matting extensions: Towards higher accuracy and real-time capture},
    author={Chuang, Yung-Yu and Zongker, Douglas E and Hindorff, Joel and Curless, Brian and Salesin, David H and Szeliski, Richard},
    booktitle=SIGGRAPH,
    year={2000},
  }
  @inproceedings{wexler2002image,
    title={Image-based Environment Matting.},
    author={Wexler, Yonatan and Fitzgibbon, Andrew W and Zisserman, Andrew and others},
    booktitle={Rendering Techniques},
    year={2002}
  }
  @inproceedings{peers2003wavelet,
    title={Wavelet environment matting},
    author={Peers, Pieter and Dutr{\'e}, Philip},
    booktitle={Eurographics workshop on Rendering},
    year={2003},
  }
  @inproceedings{zhu2004frequency,
    title={Frequency-based environment matting},
    author={Zhu, Jiayuan and Yang, Yee-Hong},
    booktitle={Computer Graphics and Applications},
    year={2004},
  }
  @inproceedings{duan2011fast,
    title={Fast environment matting extraction using compressive sensing},
    author={Duan, Qi and Cai, Jianfei and Zheng, Jianmin and Lin, Weisi},
    booktitle=ICME,
    year={2011},
  }
  @inproceedings{duan2011flexible,
    title={Flexible and Accurate Transparent-Object Matting and Compositing Using Refractive Vector Field},
    author={Duan, Qi and Zheng, Jianmin and Cai, Jianfei},
    booktitle={Computer Graphics Forum},
    year={2011},
  }
  @article{yeung2011matting,
    title={Matting and compositing of transparent and refractive objects},
    author={Yeung, Sai-Kit and Tang, Chi-Keung and Brown, Michael S and Kang, Sing Bing},
    journal=TOG,
    year={2011},
  }
  @inproceedings{qian2015frequency,
    title={Frequency-based environment matting by compressive sensing},
    author={Qian, Yiming and Gong, Minglun and Yang, Yee-Hong},
    booktitle=ICCV,
    year={2015}
  }
  @article{duan2015compressive,
    title={Compressive environment matting.},
    author={Duan, Qi and Cai, Jianfei and Zheng, Jianmin},
    journal={The Visual Computer},
    year={2015}
  }
  @inproceedings{chen2018tomnet,
    title={{TOM-Net}: Learning Transparent Object Matting from a Single Image},
    author={Chen, Guanying and Han, Kai and Wong, Kwan-Yee K.},
    booktitle=CVPR,
    year={2018}
  }

%%%%%%%%%%%%%%%%% Transparent Object Related %%%%%%%%
  @article{khan2006image,
    title={Image-based material editing},
    author={Khan, Erum Arif and Reinhard, Erik and Fleming, Roland W and B{\"u}lthoff, Heinrich H},
    journal=TOG,
    year={2006},
  }

%%%%%%%%%%%%%%%%%%%%%% Depth, Disparity, Flow Normal Related %%%%%%%%%%%%%%%%%%
  @inproceedings{Fouhey13,
    title = {Data-Driven {3D} Primitives for Single Image Understanding},
    author = {Fouhey, David F. and Gupta, Abhinav and Hebert, Martial},
    booktitle = ICCV,
    year = {2013},
  }
  @inproceedings{Ladicky2014normal,
    title={Discriminatively trained dense surface normal estimation},
    author={Ladicky, Lubor and Zeisl, Bernhard and Pollefeys, Marc},
    booktitle=ECCV,
    year={2014},
  }
  @inproceedings{eigen2014depth,
    title={Depth map prediction from a single image using a multi-scale deep network},
    author={Eigen, David and Puhrsch, Christian and Fergus, Rob},
    booktitle=NIPS,
    year={2014}
  }
  @inproceedings{eigen2015predicting,
    title={Predicting depth, surface normals and semantic labels with a common multi-scale convolutional architecture},
    author={Eigen, David and Fergus, Rob},
    booktitle=ICCV,
    year={2015}
  }
  @inproceedings{fischer2015flownet,
    title={Flownet: Learning optical flow with convolutional networks},
    author={Fischer, Philipp and Dosovitskiy, Alexey and Ilg, Eddy and H{\"a}usser, Philip and Haz{\i}rba{\c{s}}, Caner and Golkov, Vladimir and van der Smagt, Patrick and Cremers, Daniel and Brox, Thomas},
    booktitle = ICCV,
    year={2015}
  }
  @inproceedings{wang2015designing,
    title={Designing deep networks for surface normal estimation},
    author={Wang, Xiaolong and Fouhey, David and Gupta, Abhinav},
    booktitle=CVPR,
    year={2015}
  }
  @inproceedings{zhou2016view,
    title={View synthesis by appearance flow},
    author={Zhou, Tinghui and Tulsiani, Shubham and Sun, Weilun and Malik, Jitendra and Efros, Alexei A},
    booktitle=ECCV,
    year={2016},
  }
  @inproceedings{garg2016unsupervised,
    title={Unsupervised {CNN} for single view depth estimation: Geometry to the rescue},
    author={Garg, Ravi and Carneiro, Gustavo and Reid, Ian},
    booktitle=ECCV,
    year={2016},
  }
  @inproceedings{jason2016back,
    title={Back to Basics: Unsupervised Learning of Optical Flow via Brightness Constancy and Motion Smoothness},
    author={Jason, J Yu and Harley, Adam W and Derpanis, Konstantinos G},
    booktitle=ECCVW,
    year={2016},
  }
  @article{godard2017unsupervised,
    title={Unsupervised Monocular Depth Estimation with Left-Right Consistency},
    author={Godard, Cl{\'e}ment and Mac Aodha, Oisin and Brostow, Gabriel J},
    journal=CVPR,
    year={2017}
  }
  @inproceedings{zhou2017unsupervised,
    title = {Unsupervised Learning of Depth and Ego-Motion from Video},
    author = {Zhou, Tinghui and Brown, Matthew and Snavely, Noah and Lowe, David G.},
    booktitle = CVPR,
    year = {2017}
  }

%%%%%%%%%%%%%%%%%% Shape from Shading %%%%%%%%%%%%%%%%%%
  @article{frankot1988method,
    title={A method for enforcing integrability in shape from shading algorithms},
    author={Frankot, Robert T. and Chellappa, Rama},
    journal=TPAMI,
    year={1988},
  }
  @inproceedings{johnson2011shape,
    title={Shape estimation in natural illumination},
    author={Johnson, Micah K and Adelson, Edward H},
    booktitle=CVPR,
    year={2011},
  }

%%%%%%%%%%%%%%%% Photometric Stereo Survey and Dataset %%%%%%%%%%%%%%%%
  @inproceedings{debevec1998rendering,
    title={Rendering synthetic objects into real scenes: Bridging traditional and image-based graphics with global illumination and high dynamic range photography},
    author={Debevec, Paul},
    booktitle=SIGGRAPH,
    year={1998},
  }
  @inproceedings{matusik2003merl,
    title={A Data-Driven Reflectance Model},
    author={Matusik, Wojciech and Pfister, Hanspeter and Brand, Matt and McMillan, Leonard},
    booktitle=SIGGRAPH,
    year={2003},
  }
  @inproceedings{einarsson2006relighting,
    title={Relighting human locomotion with flowed reflectance fields},
    author={Einarsson, Per and Chabert, Charles-Felix and Jones, Andrew and Ma, Wan-Chun and Lamond, Bruce and Hawkins, Tim and Bolas, Mark and Sylwan, Sebastian and Debevec, Paul},
    booktitle={EGSR},
    year={2006},
  }
  @article{herbort2011introduction,
    title={An introduction to image-based 3D surface reconstruction and a survey of photometric stereo methods},
    author={Herbort, Steffen and W{\"o}hler, Christian},
    journal={3D Research},
    year={2011},
  }
  @inproceedings{burley2012physically,
    title={Physically-based shading at disney. part of “Practical Physically-Based Shading in Film and Game Production,”},
    author={Burley, Brent and Studios, Walt Disney Animation},
    year={2012},
    organization=SIGGRAPH
  }
  @inproceedings{lombardi2012reflectance,
    title={Reflectance and natural illumination from a single image},
    author={Lombardi, Stephen and Nishino, Ko},
    booktitle=ECCV,
    year={2012},
  }
  @inproceedings{shi2016benchmark,
    title={A benchmark dataset and evaluation for non-{Lambertian} and uncalibrated photometric stereo},
    author={Shi, Boxin and Wu, Zhe and Mo, Zhipeng and Duan, Dinglong and Yeung, Sai-Kit and Tan, Ping},
    booktitle=CVPR,
    year={2016}
  }
  @article{shi2018benchmark,
    title={A benchmark dataset and evaluation for non-{Lambertian} and uncalibrated photometric stereo},
    author={Shi, Boxin and Mo, Zhipeng and Wu, Zhe and Duan, Dinglong and Yeung, Sai-Kit and Tan, Ping},
    journal=TPAMI,
    year={2018}
  }

%%%%%%%%%%%%%%%% Calibrated Photometric Stereo %%%%%%
  @article{woodham1980ps,
    title={Photometric method for determining surface orientation from multiple images},
    author={Woodham, Robert J},
    journal={Optical engineering},
    year={1980},
  }
  @phdthesis{silver1980determining,
    title={Determining shape and reflectance using multiple images},
    author={Silver, William M},
    year={1980},
    school={Massachusetts Institute of Technology}
  }
  @article{mukaigawa2007analysis,
    title={Analysis of photometric factors based on photometric linearization},
    author={Mukaigawa, Yasuhiro and Ishii, Yasunori and Shakunaga, Takeshi},
    journal={JOSA A},
    year={2007},
  }
  @inproceedings{chung2008efficient,
    title={Efficient photometric stereo on glossy surfaces with wide specular lobes},
    author={Chung, Hin-Shun and Jia, Jiaya},
    booktitle=CVPR,
    year={2008},
  }
  @inproceedings{alldrin2008p,
    title={Photometric stereo with non-parametric and spatially-varying reflectance},
    author={Alldrin, Neil and Zickler, Todd and Kriegman, David},
    booktitle=CVPR,
    year={2008},
  }
  @inproceedings{holroyd2008photometric,
    title={A photometric approach for estimating normals and tangents},
    author={Holroyd, Michael and Lawrence, Jason and Humphreys, Greg and Zickler, Todd},
    booktitle=TOG,
    year={2008},
  }
  @inproceedings{ruiters2009heightfield,
    title={Heightfield and spatially varying {BRDF} reconstruction for materials with interreflections},
    author={Ruiters, Roland and Klein, Reinhard},
    booktitle={Computer Graphics Forum},
    year={2009},
  }
  @article{goldman2010shape,
    title={Shape and spatially-varying brdfs from photometric stereo},
    author={Goldman, Dan B and Curless, Brian and Hertzmann, Aaron and Seitz, Steven M},
    journal=TPAMI,
    year={2010},
  }
  @inproceedings{wu2010robust,
    title={Robust photometric stereo via low-rank matrix completion and recovery},
    author={Wu, Lun and Ganesh, Arvind and Shi, Boxin and Matsushita, Yasuyuki and Wang, Yongtian and Ma, Yi},
    booktitle=ACCV,
    year={2010},
  }  
  @article{wu2010photometric,
    title={Photometric stereo via expectation maximization},
    author={Wu, Tai-Pang and Tang, Chi-Keung},
    journal=TPAMI,
    year={2010},
    publisher={IEEE}
  }
  @article{miyazaki2010median,
    title={Median photometric stereo as applied to the segonko tumulus and museum objects},
    author={Miyazaki, Daisuke and Hara, Kenji and Ikeuchi, Katsushi},
    journal=IJCV,
    year={2010},
  }
  @inproceedings{ikehata2012robust,
    title={Robust photometric stereo using sparse regression},
    author={Ikehata, Satoshi and Wipf, David and Matsushita, Yasuyuki and Aizawa, Kiyoharu},
    booktitle=CVPR,
    year={2012},
  }
  @inproceedings{shi2012elev,
    title={Elevation angle from reflectance monotonicity: Photometric stereo for general isotropic reflectances},
    author={Shi, Boxin and Tan, Ping and Matsushita, Yasuyuki and Ikeuchi, Katsushi},
    booktitle=ECCV,
    year={2012},
  }
  @inproceedings{ikehata2014p,
    title={Photometric stereo using constrained bivariate regression for general isotropic surfaces},
    author={Ikehata, Satoshi and Aizawa, Kiyoharu},
    booktitle=CVPR,
    year={2014}
  }
  @article{shi2014bi,
    title={Bi-polynomial modeling of low-frequency reflectances},
    author={Shi, Boxin and Tan, Ping and Matsushita, Yasuyuki and Ikeuchi, Katsushi},
    journal=TPAMI,
    year={2014},
  }
  @inproceedings{zhui2015ps,
    title={A Dictionary-based Approach for Estimating Shape and Spatially-Varying Reflectance},
    author={Zhuo Hui and Aswin C. Sankaranarayanan},
    booktitle=ICCP,
    year={2015}
  }
  @article{tozza2016direct,
    title={Direct differential photometric stereo shape recovery of diffuse and specular surfaces},
    author={Tozza, Silvia and Mecca, Roberto and Duocastella, M and Del Bue, A},
    journal={Journal of Mathematical Imaging and Vision},
    year={2016},
  }
  @inproceedings{santo2017deep,
    title={Deep Photometric Stereo Network},
    author={Santo, Hiroaki and Samejima, Masaki and Sugano, Yusuke and Shi, Boxin and Matsushita, Yasuyuki},
    booktitle=ICCVW,
    year={2017}
  }
  @article{hui2017shape,
    title={Shape and Spatially-Varying Reflectance Estimation from Virtual Exemplars},
    author={Hui, Zhuo and Sankaranarayanan, Aswin C},
    journal=TPAMI,
    year={2017},
  }
  @inproceedings{chen2018ps,
    title={{PS-FCN}: A Flexible Learning Framework for Photometric Stereo},
    author={Chen, Guanying and Han, Kai and Wong, Kwan-Yee K.},
    booktitle=ECCV,
    year={2018}
  }
  @inproceedings{ikehata2018cnn,
    title={{CNN-PS}: {CNN-based} Photometric Stereo for General Non-Convex Surfaces},
    author={Ikehata, Satoshi},
    booktitle=ECCV,
    year={2018}
  }
  @inproceedings{Taniai18,
    title={Neural Inverse Rendering for General Reflectance Photometric Stereo},
    author={Tatsunori Taniai and Takanori Maehara},
    booktitle=ICML,
    year={2018},
  }
%%%%%%%%%%%%%%%% Uncalibrated Photometric Stereo %%%%%%%%%%%%%%%%
  @article{hayakawa1994photometric,
    title={Photometric stereo under a light source with arbitrary motion},
    author={Hayakawa, Hideki},
    journal={JOSA A},
    year={1994},
  }
  @inproceedings{yuille1997shape,
    title={Shape and albedo from multiple images using integrability},
    author={Yuille, Alan and Snow, Daniel},
    booktitle=CVPR,
    year={1997},
  }
  @article{belhumeur1999bas,
    title={The bas-relief ambiguity},
    author={Belhumeur, Peter N and Kriegman, David J and Yuille, Alan L},
    journal=IJCV,
    year={1999},
  }
  @article{yuille1999determining,
    title={Determining generative models of objects under varying illumination: Shape and albedo from multiple images using {SVD} and integrability},
    author={Yuille, Alan L and Snow, Daniel and Epstein, Russell and Belhumeur, Peter N},
    journal=IJCV,
    year={1999},
  }
  @article{kriegman2001shadows,
    title={What shadows reveal about object structure},
    author={Kriegman, David J and Belhumeur, Peter N},
    journal={JOSA A},
    year={2001},
  }
  @inproceedings{georghiades2003incorporating,
    title={Incorporating the Torrance and Sparrow Model of Reflectance in Uncalibrated Photometric Stereo.},
    author={Georghiades, Athinodoros S},
    booktitle=ICCV,
    year={2003}
  }
  @inproceedings{drbohlav2005can,
    title={Can two specular pixels calibrate photometric stereo?},
    author={Drbohlav, Ondrej and Chaniler, M},
    booktitle=ICCV,
    year={2005},
  }
  @article{hertzmann2005example,
    title={Example-based photometric stereo: Shape reconstruction with general, varying BRDFS},
    author={Hertzmann, Aaron and Seitz, Steven M},
    journal=TPAMI,
    year={2005},
  }
  @inproceedings{chandraker2005reflections,
    title={Reflections on the generalized bas-relief ambiguity},
    author={Chandraker, Manmohan Krishna and Kahl, Fredrik and Kriegman, David J},
    booktitle=CVPR,
    year={2005},
  }
  @inproceedings{alldrin2007r,
    title={Resolving the generalized bas-relief ambiguity by entropy minimization},
    author={Alldrin, Neil G and Mallick, Satya P and Kriegman, David J},
    booktitle=CVPR,
    year={2007},
  }
  @inproceedings{tan2007isotropy,
    title={Isotropy, reciprocity and the generalized bas-relief ambiguity},
    author={Tan, Ping and Mallick, Satya P and Quan, Long and Kriegman, David J and Zickler, Todd},
    booktitle=CVPR,
    year={2007},
  }
  @inproceedings{sato2007shape,
    title={Shape reconstruction based on similarity in radiance changes under varying illumination},
    author={Sato, Imari and Okabe, Takahiro and Yu, Qiong and Sato, Yoichi},
    booktitle=ICCV,
    year={2007},
  }
  @article{esteban2008multiview,
    title={Multiview photometric stereo},
    author={Esteban, Carlos Hernandez and Vogiatzis, George and Cipolla, Roberto},
    journal=TPAMI,
    year={2008},
  }
  @inproceedings{okabe2009attached,
    title={Attached shadow coding: Estimating surface normals from shadows under unknown reflectance and lighting conditions},
    author={Okabe, Takahiro and Sato, Imari and Sato, Yoichi},
    booktitle=ICCV,
    year={2009},
  }
  @inproceedings{shi2010self,
    title={Self-calibrating photometric stereo},
    author={Shi, Boxin and Matsushita, Yasuyuki and Wei, Yichen and Xu, Chao and Tan, Ping},
    booktitle=CVPR,
    year={2010},
  }
  @inproceedings{sunkavalli2010visibility,
    title={Visibility subspaces: Uncalibrated photometric stereo with shadows},
    author={Sunkavalli, Kalyan and Zickler, Todd and Pfister, Hanspeter},
    booktitle=ECCV,
    year={2010},
  }
  @inproceedings{lu2013uncalibrated,
    title={Uncalibrated photometric stereo for unknown isotropic reflectances},
    author={Lu, Feng and Matsushita, Yasuyuki and Sato, Imari and Okabe, Takahiro and Sato, Yoichi},
    booktitle=CVPR,
    year={2013},
  }
  @inproceedings{wu2013calib,
    title={Calibrating photometric stereo by holistic reflectance symmetry analysis},
    author={Wu, Zhe and Tan, Ping},
    booktitle=CVPR,
    year={2013},
  }
  @article{papad14closed,
    title={A closed-form, consistent and robust solution to uncalibrated photometric stereo via local diffuse reflectance maxima},
    author={Papadhimitri, Thoma and Favaro, Paolo},
    journal=IJCV,
    year={2014},
  }
  @article{lu2015intensity,
    title={From intensity profile to surface normal: photometric stereo for unknown light sources and isotropic reflectances},
    author={Lu, Feng and Matsushita, Yasuyuki and Sato, Imari and Okabe, Takahiro and Sato, Yoichi},
    journal=TPAMI,
    year={2015},
  }
  @inproceedings{lu2015uncalibrated,
    title={Uncalibrated photometric stereo based on elevation angle recovery from {BRDF} symmetry of isotropic materials},
    author={Lu, Feng and Sato, Imari and Sato, Yoichi},
    booktitle=CVPR,
    year={2015}
  }
  @inproceedings{midorikawa2016uncalibrated,
    title={Uncalibrated Photometric Stereo by Stepwise Optimization Using Principal Components of Isotropic {BRDF}s.},
    author={Midorikawa, Keisuke and Yamasaki, Toshihiko and Aizawa, Kiyoharu},
    booktitle=CVPR,
    year={2016}
  }
  @inproceedings{cho2016photometric,
    title={Photometric stereo under non-uniform light intensities and exposures},
    author={Cho, Donghyeon and Matsushita, Yasuyuki and Tai, Yu-Wing and Kweon, Inso},
    booktitle=ECCV,
    year={2016},
  }
  @inproceedings{queau2017non,
    title={A non-convex variational approach to photometric stereo under inaccurate lighting},
    author={QUeau, Yvain and Wu, Tao and Lauze, Francois and Durou, Jean-Denis and Cremers, Daniel},
    booktitle=CVPR,
    year={2017}
  }
  @inproceedings{peng2017depth,
    title={Depth Super-Resolution Meets Uncalibrated Photometric Stereo},
    author={Peng, Songyou and H{\"a}fner, Bj{\"o}rn and Qu{\'e}au, Yvain and Cremers, Daniel},
    booktitle=ICCV,
    year={2017}
  }
  @article{lu2018symps,
    title={Symps: {BRDF} symmetry guided photometric stereo for shape and light source estimation},
    author={Lu, Feng and Chen, Xiaowu and Sato, Imari and Sato, Yoichi},
    journal=TPAMI,
    year={2018},
  }
  @article{bartal2018photometric,
    title={Photometric stereo by hemispherical metric embedding},
    author={Bartal, Ofer and Ofir, Nati and Lipman, Yaron and Basri, Ronen},
    journal={Journal of Mathematical Imaging and Vision},
    year={2018},
  }
  @inproceedings{chen2019SDPS_Net,
    title={{SDPS-Net}: Self-calibrating Deep Photometric Stereo Networks},
    author={Chen, Guanying and Han, Kai and Shi, Boxin and Matsushita, Yasuyuki and Wong, Kwan-Yee K.},
    booktitle=CVPR,
    year={2019}
  }
%%%%%%%%%%%%%%%% Photometric Stereo under Natural Illumination %%%%%%%%%%%%%%%%
  @article{basri2007photometric,
    title={Photometric stereo with general, unknown lighting},
    author={Basri, Ronen and Jacobs, David and Kemelmacher, Ira},
    journal=IJCV,
    year={2007},
  }
  @inproceedings{shen2009photometric,
    title={Photometric stereo and weather estimation using internet images},
    author={Shen, Li and Tan, Ping},
    booktitle=CVPR,
    year={2009},
  }
  @inproceedings{ackermann2012photometric,
    title={Photometric stereo for outdoor webcams},
    author={Ackermann, Jens and Langguth, Fabian and Fuhrmann, Simon and Goesele, Michael},
    booktitle=CVPR,
    year={2012},
  }
  @inproceedings{ackermann2010removing,
    title={Removing the example from example-based photometric stereo},
    author={Ackermann, Jens and Ritz, Martin and Stork, Andr{\'e} and Goesele, Michael},
    booktitle=ECCVW,
    year={2010},
  }
  @inproceedings{yu2013outdoor,
    title={Outdoor photometric stereo},
    author={Yu, Lap-Fai and Yeung, Sai-Kit and Tai, Yu-Wing and Terzopoulos, Demetri and Chan, Tony F},
    booktitle=ICCP,
    year={2013},
  }
  @inproceedings{shi2014photometric,
    title={Photometric Stereo Using Internet Images.},
    author={Shi, Boxin and Inose, Kenji and Matsushita, Yasuyuki and Tan, Ping and Yeung, Sai-Kit and Ikeuchi, Katsushi},
    booktitle={3DV},
    year={2014}
  }
  @inproceedings{oxholm2014multiview,
    title={Multiview shape and reflectance from natural illumination},
    author={Oxholm, Geoffrey and Nishino, Ko},
    booktitle=CVPR,
    year={2014}
  }
  @inproceedings{hold2015x,
    title={X-hour outdoor photometric stereo},
    author={Hold-Geoffroy, Yannick and Zhang, Jinsong and Gotardo, Paulo FU and Lalonde, Jean-Fran{\c{c}}ois},
    booktitle={3DV},
    year={2015},
  }
  @inproceedings{jung2015one,
    title={One-day outdoor photometric stereo via skylight estimation},
    author={Jung, Jiyoung and Lee, Joon-Young and So Kweon, In},
    booktitle=CVPR,
    year={2015}
  }
  @inproceedings{hung2015photometric,
    title={Photometric stereo in the wild},
    author={Hung, Chun-Ho and Wu, Tai-Pang and Matsushita, Yasuyuki and Xu, Li and Jia, Jiaya and Tang, Chi-Keung},
    booktitle=WACV,
    year={2015},
  }
  @inproceedings{mo2018uncalibrated,
    title={Uncalibrated Photometric Stereo Under Natural Illumination},
    author={Mo, Zhipeng and Shi, Boxin and Lu, Feng and Yeung, Sai-Kit and Matsushita, Yasuyuki},
    booktitle=CVPR,
    year={2018}
  }
%%%%%%%%%%%%%%%% Lighting Estimation %%%%%%%%%%%%%%%%
  @article{gardner2017learning,
    title={Learning to predict indoor illumination from a single image},
    author={Gardner, Marc-Andr{\'e} and Sunkavalli, Kalyan and Yumer, Ersin and Shen, Xiaohui and Gambaretto, Emiliano and Gagn{\'e}, Christian and Lalonde, Jean-Fran{\c{c}}ois},
    journal=TOG,
    year={2017},
  }
  @inproceedings{hold2017deep,
    title={Deep outdoor illumination estimation},
    author={Hold-Geoffroy, Yannick and Sunkavalli, Kalyan and Hadap, Sunil and Gambaretto, Emiliano and Lalonde, Jean-Fran{\c{c}}ois},
    booktitle=CVPR,
    year={2017}
  }
  @inproceedings{weber2018learning,
    author={Weber, Henrique and Pr{\'e}vost, Donald and Lalonde, Jean-Fran{\c{c}}ois},
    title={Learning to Estimate Indoor Lighting from 3D Objects},
    booktitle={3DV},
    year={2018}
  }
  @InProceedings{Yi_2018_ECCV,
    author = {Yi, Renjiao and Zhu, Chenyang and Tan, Ping and Lin, Stephen},
    title = {Faces as Lighting Probes via Unsupervised Deep Highlight Extraction},
    booktitle = ECCV,
    year = {2018}
  }
  @InProceedings{Zhou_2018_CVPR,
    author = {Zhou, Hao and Sun, Jin and Yacoob, Yaser and Jacobs, David W.},
    title = {Label Denoising Adversarial Network ({LDAN}) for Inverse Lighting of Faces},
    booktitle = CVPR,
    year = {2018}
  }
%%%%%%%%%%%%%%%% Multi-view Stereo, Multi-view 3D reconstruction %%%%%%%%%%%%%%%%
  @inproceedings{choy20163d,
    title={3d-r2n2: A unified approach for single and multi-view 3d object reconstruction},
    author={Choy, Christopher B and Xu, Danfei and Gwak, JunYoung and Chen, Kevin and Savarese, Silvio},
    booktitle=ECCV,
    year={2016},
  }
  @inproceedings{wiles2017silnet,
    title={{SilNet}: Single-and Multi-View Reconstruction by Learning from Silhouettes},
    author={Wiles, Olivia and Zisserman, Andrew},
    booktitle=BMVC,
    year={2017}
  }
  @inproceedings{hartmann2017learned,
    title={Learned multi-patch similarity},
    author={Hartmann, Wilfried and Galliani, Silvano and Havlena, Michal and Van Gool, Luc and Schindler, Konrad},
    booktitle=ICCV,
    year={2017}
  }

