@inproceedings{morgan2014lessons,
    author={Morgan, Becka and Jensen, Carlos},
    title={Lessons learned from teaching open source software development},
    booktitle={IFIP International Conference on Open Source Systems},
    series={IFIPAICT '14},
    year={2014},
    location={San José, CR},
    pages={133--142},
    numpages={10},
    url={https://doi.org/10.1007/978-3-642-55128-4_18},
    doi = {10.1007/978-3-642-55128-4_18},
    publisher={Springer},
    address={New York, NY, USA}
}

@inproceedings{smith2014selecting,
    author={Smith, Therese Mary and McCartney, Robert and Gokhale, Swapna S and Kaczmarczyk, Lisa C},
  title={Selecting open source software projects to teach software engineering},
  booktitle={Proceedings of the 45th ACM technical symposium on Computer science education},
  series={SIGCSE '14},
  year={2014},
  location={Atlanta, Georgia},
  pages={397--402},
  numpages={6},
  url={https://doi.org/10.1145/2538862.2538932},
  doi={10.1145/2538862.2538932},
  publisher={ACM},
  address={New York, NY, USA}
  
}

@inproceedings{buchta2006teaching,
    author={Buchta, Joseph and Petrenko, Maksym and Poshyvanyk, Denys and Rajlich, V{\'a}clav},
    title={Teaching evolution of open-source projects in software engineering courses},
    booktitle={2006 22nd IEEE International Conference on Software Maintenance},
    series={ICSM},
    year={2006},
    location={Philadelphia, PA, USA},
    pages={136--144},
    numpages={9},
    url={https://doi.org/10.1109/ICSM.2006.66},
    doi={10.1109/ICSM.2006.66},
    publisher={IEEE},
    address={New York, NY, USA}
}

@article{coppit2005large,
    author={Coppit, David and Haddox-Schatz, Jennifer M},
  title={Large team projects in software engineering courses},
  journal={ACM SIGCSE Bulletin},
  issue_date = {February 2005},
  volume={37},
  number={1},
  month={February},
  year={2005},
  issn={0097-8418},
  pages={137--141},
  numpages = {5},
  url={https://doi.org/10.1145/1047124.1047400},
  doi={10.1145/1047124.1047400},
  publisher={ACM},
  address={New York, NY, USA}
}

@inproceedings{sarma2016training,
author={Sarma, Anita and Gerosa, Marco Aur{\'e}lio and Steinmacher, Igor and Leano, Rafael},
  title={Training the future workforce through task curation in an OSS ecosystem},
  booktitle={Proceedings of the 2016 24th ACM SIGSOFT International Symposium on Foundations of Software Engineering},
  series={FSE'16},
  year={2016},
  location={Seattle, WA, USA},
  pages={932--935},
  numpages={4},
  url={https://doi.org/10.1145/2950290.2983984},
  doi={10.1145/2950290.2983984},
  publisher={ACM},
  address={New York, NY, USA}
  
}

@inproceedings{steinmacher2016overcoming,
author={Steinmacher, Igor and Conte, Tayana Uchoa and Treude, Christoph and Gerosa, Marco Aur{\'e}lio},
  title={Overcoming open source project entry barriers with a portal for newcomers},
  booktitle={Proceedings of the 38th International Conference on Software Engineering},
  series={ICSE '16},
  year={2016},
  location={Austin, Texas},
  pages={273--284},
  numpages={12},
  url={https://doi.org/10.1145/2884781.2884806},
  doi={10.1145/2884781.2884806},
  publisher={ACM},
  address={New York, NY, USA}
}

@inproceedings{holmes2014lessons,
author={Holmes, Reid and Craig, Michelle and Reid, Karen and Stroulia, Eleni},
  title={Lessons learned managing distributed software engineering courses},
  booktitle={Companion Proceedings of the 36th International Conference on Software Engineering},
  series={ICSE '14},
  year={2014},
  location={Hyderabad, India},
  pages={321--324},
  numpages={4},
  url={https://doi.org/10.1145/2591062.2591160},
  doi={10.1145/2591062.2591160},
  publisher={ACM},
  address={New York, NY, USA}
  
}

@inproceedings{holmes2018dimensions,
author={Holmes, Reid and Allen, Meghan and Craig, Michelle},
  title={Dimensions of experientialism for software engineering education},
  booktitle={2018 IEEE/ACM 40th International Conference on Software Engineering: Software Engineering Education and Training},
  series={ICSE-SEET '18},
  year={2018},
    location={Gothenburg, Sweden},
  pages={31--39},
  numpages={9},
  url={https://doi.org/10.1145/3183377.3183380},
  doi={10.1145/3183377.3183380},
  publisher={ACM},
  address={New York, NY, USA}
}

@inproceedings{pinto2019training,
author={Pinto, Gustavo and Ferreira, Clarice and Souza, Cleice and Steinmacher, Igor and Meirelles, Paulo},
  title={Training software engineers using open-source software: the students' perspective},
  booktitle={2019 IEEE/ACM 41st International Conference on Software Engineering: Software Engineering Education and Training},
  series={ICSE-SEET '19},
  year={2019},
  location={Montreal, Canada},
  pages={147--157},
  numpages={10},
  url={https://doi.org/10.1109/ICSE-SEET.2019.00024},
  doi={10.1109/ICSE-SEET.2019.00024},
  publisher={IEEE},
  address={New York, NY, USA}
}

@article{bandura1986explanatory,
author={Bandura, Albert},
  title={The explanatory and predictive scope of self-efficacy theory},
  journal={Journal of social and clinical psychology},
  issue_date={March 1983},
  volume={4},
  number={3},
  month={March},
  year={1986},
  issn={0736-7236},
  pages={359-373},
  numpages={15},
  url={https://doi.org/10.1521/jscp.1986.4.3.359},
  doi={10.1521/jscp.1986.4.3.359},
  publisher={Guilford Press},
  address={New York, NY, USA}
}

@article{steinmacher2019overcoming,
author={Steinmacher, Igor and Gerosa, Marco and Conte, Tayana U and Redmiles, David F},
  title={Overcoming social barriers when contributing to open source software projects},
  journal={Computer Supported Cooperative Work (CSCW)},
  issue_date={April 2019},
  volume={28},
  number={1},
  month={June},
  year={2019},
  issn={1573-7551},
  pages={247--290},
  numpages={43},
  url={https://doi.org/10.1007/s10606-018-9335-z},
  doi={10.1007/s10606-018-9335-z},
  publisher={Springer},
  address={New York, NY, USA}
}

@article{steinmacher2018let,
author={Steinmacher, Igor and Treude, Christoph and Gerosa, Marco Aurelio},
  title={Let me in: Guidelines for the successful onboarding of newcomers to open source projects},
  journal={IEEE Software},
  issue_date={August 2019},
  volume={36},
  number={4},
  month={January},
  year={2018},
  issn={1937-4194},
  pages={41--49},
  numpages={9},
  url={https://doi.org/10.1109/MS.2018.110162131},
  doi={10.1109/MS.2018.110162131},
  publisher={IEEE},
  address={New York, NY, USA}
}

@article{balali2018newcomers,
author={Balali, Sogol and Steinmacher, Igor and Annamalai, Umayal and Sarma, Anita and Gerosa, Marco Aurelio},
  title={Newcomers’ barriers... is that all? an analysis of mentors’ and newcomers’ barriers in OSS projects},
  journal={Computer Supported Cooperative Work (CSCW)},
  issue_date={December 2018},
  volume={27},
  number={3},
  month={April},
  year={2018},
  issn={1573-7551},
  pages={679--714},
  numpages={35},
  url={https://doi.org/10.1007/s10606-018-9310-8},
  doi={10.1007/s10606-018-9310-8},
  publisher={Springer},
  address={New York, NY, USA}
}

%%%%%%%%%%%% BOOKS %%%%%%%%%%%%%%%%

@book{braun2012thematic,
author={Braun, Virginia and Clarke, Victoria},
  title={Thematic analysis},
  year={2012},
  doi={10.1037/13620-004},
  publisher={American Psychological Association},
  address={Washington, D.C., USA}
}

