%-----------------------------------------------------------

Type:Journal

%-----------------------------------------------------------
@article{choi2011learning,
  title={Learning latent tree graphical models},
  author={M. J. Choi and V. Y. F. Tan and A. Anandkumar and  A. S. Willsky},
  journal={Journal of Machine Learning Research},
  volume={12},
  pages={1771--1812},
  year={2011},
  publisher={Journal of Machine Learning Research}
}

@article{chow1968approximating,
  title={Approximating discrete probability distributions with dependence trees},
  author={C. Chow and C. Liu},
  journal={IEEE Trans. Inform. Theory},
  volume={14},
  number={3},
  pages={462--467},
  year={1968},
  publisher={IEEE}
}

@article{jaffe2021spectral,
  title={Spectral Neighbor Joining for Reconstruction of Latent Tree Models},
  author={A. Jaffe and N. Amsel and Y. Aizenbud and B. Nadler and J. T. Chang and Y. Kluger},
  journal={SIAM Journal on Mathematics of Data Science},
  volume={3},
  number={1},
  pages={113--141},
  year={2021},
  publisher={SIAM}
}

@article{atteson1999performance,
  title={The performance of neighbor-joining methods of phylogenetic reconstruction},
  author={K. Atteson},
  journal={Algorithmica},
  volume={25},
  number={2},
  pages={251--278},
  year={1999},
  publisher={Springer}
}

@article{santhanam2012information,
  title={Information-theoretic limits of selecting binary graphical models in high dimensions},
  author={Narayana Santhanam and Martin Wainwright },
  journal={IEEE Trans. Inf. Theory},
  volume={58},
  number={7},
  pages={4117--4134},
  year={2012},
  month={Jul.},
  publisher={IEEE}
}

@article{marcus1971extension,
  title={An extension of the {Minkowski} determinant theorem},
  author={M. Marcus and W.  Gordon},
  journal={Proceedings of the Edinburgh Mathematical Society},
  volume={17},
  number={4},
  pages={321--324},
  year={1971},
  publisher={Cambridge University Press}
}

@inproceedings{katiyar2019robust,
  title={Robust estimation of tree structured Gaussian graphical models},
  author={A. Katiyar and J. Hoffmann and C. Caramanis},
  booktitle={International Conference on Machine Learning},
  pages={3292--3300},
  year={2019},
  organization={PMLR}
}

@inproceedings{bha21,
  title={Near-Optimal Learning of Tree-Structured Distributions by {Chow--Liu}},
  author={A. Bhattacharyya and S. Gayen and E. Price and N. V. Vinodchandran},
  booktitle={Proceedings of 53rd ACM Symposium on Theory of Computing},
  pages={},
  year={2021}
}


@inproceedings{zhang21,
  title={Robustifying Latent Tree Learning Algorithms with Vector Variables},
  author={F. Zhang and V. Y. F. Tan},
  booktitle={Proceedings of the Thirty-Fifth  Annual Conference on Neural Information Processing Systems},
  pages={},
  year={2021}
}


@inproceedings{mossel2005learning,
  title={Learning nonsingular phylogenies and hidden {M}arkov models},
  author={Mossel, Elchanan and Roch, S{\'e}bastien},
  booktitle={Proceedings of the thirty-seventh annual ACM symposium on Theory of computing},
  pages={366--375},
  year={2005}
}

@article{chen2013robust,
  title={Robust high dimensional sparse regression and matching pursuit},
  author={Y. Chen and C. Caramanis and S. Mannor},
  journal={arXiv preprint arXiv:1301.2725},
  year={2013}
}

@article{saitou1987neighbor,
  title={The neighbor-joining method: a new method for reconstructing phylogenetic trees.},
  author={N. Saitou and M. Nei},
  journal={Mol. Bio. Evol.},
  volume={4},
  number={4},
  pages={406--425},
  year={1987}
}

@article{anandkumar2011spectral,
  title={Spectral methods for learning multivariate latent tree structure},
  author={A. Anandkumar and K. Chaudhuri and D. Hsu and S. M. Kakade M and L. Song and T. Zhang},
  journal={arXiv preprint arXiv:1107.1283},
  year={2011}
}

@inproceedings{huang2020guaranteed,
  title={Guaranteed scalable learning of latent tree models},
  author={F. Huang and N. U. Naresh and I. Perros and R. Chen and J. Sun and A. Anandkumar},
  booktitle={Uncertainty in Artificial Intelligence},
  pages={883--893},
  year={2020},
  organization={PMLR}
}

@article{stewart1998perturbation,
  title={Perturbation theory for the singular value decomposition},
  author={G. W. Stewart},
  journal={SVD and Signal Processing, II: Algorithms, Analysis and Applications},
  pages={99--109},
  year={1991},
  publisher={Elsevier}
}

@article{robinson1981comparison,
  title={Comparison of phylogenetic trees},
  author={D. F. Robinson and L. R. Foulds},
  journal={Mathematical Biosciences},
  volume={53},
  number={1-2},
  pages={131--147},
  year={1981},
  publisher={Elsevier}
}

@article{nikolakakis2021predictive,
  title={Predictive learning on hidden tree-structured {I}sing models},
  author={Nikolakakis, K. E. and Kalogerias, D. S. and Sarwate, A. D.},
  journal={Journal of Machine Learning Research},
  volume={22},
  number={59},
  pages={1--82},
  year={2021},
  publisher={Microtome Publishing}
}

@article{bresler2020learning,
  title={Learning a tree-structured {Ising} model in order to make predictions},
  author={G. Bresler and M. Karzand},
  journal={The Annals of Statistics},
  volume={48},
  number={2},
  pages={713--737},
  year={2020},
  publisher={Institute of Mathematical Statistics}
}

@article{neykov2019property,
  title={Property testing in high-dimensional {I}sing models},
  author={Neykov, M. and Liu, H.},
  journal={The Annals of Statistics},
  volume={47},
  number={5},
  pages={2472--2503},
  year={2019},
  publisher={Institute of Mathematical Statistics}
}

@article{tan2011large,
  title={A large-deviation analysis of the maximum-likelihood learning of Markov tree structures},
  author={V. Y. F. Tan and Anandkumar, A. and Tong, L. and Willsky, A. S.},
  journal={IEEE Trans. Inf. Theory},
  volume={57},
  number={3},
  pages={1714--1735},
  year={2011},
  publisher={IEEE}
}

@article{romberg2002hidden,
  title={Hidden {M}arkov tree models for complex wavelet transforms},
  author={Romberg, J. and Choi, H. and Baraniuk, R. G. and Kingsbury, N. G.},
  journal={IEEE Trans. Signal Processing},
  year={2002}
}




@article{daskalakis2019testing,
  title={Testing {I}sing models},
  author={Daskalakis, C. and Dikkala, N. and Kamath, G.},
  journal={IEEE Trans. Inf. Theory},
  volume={65},
  number={11},
  pages={6829--6852},
  year={2019},
  publisher={IEEE}
}

@article{chow1973consistency,
  title={Consistency of an estimate of tree-dependent probability distributions ({C}orresp.)},
  author={Chow, C. and Wagner, T.},
  journal={IEEE Trans. Inf. Theory},
  volume={19},
  number={3},
  pages={369--371},
  year={1973},
  publisher={IEEE}
}

@article{naghshvar2013active,
  title={Active sequential hypothesis testing},
  author={Naghshvar, M. and Javidi, T.},
  journal={The Annals of Statistics},
  volume={41},
  number={6},
  pages={2703--2738},
  year={2013},
  publisher={Institute of Mathematical Statistics}
}
%-----------------------------------------------------------

Type:Conference

%-----------------------------------------------------------
@article{pettie2002optimal,
  title={An optimal minimum spanning tree algorithm},
  author={S. Pettie and V. Ramachandran},
  journal={J. ACM},
  volume={49},
  number={1},
  pages={16--34},
  year={2002},
  publisher={ACM New York, NY, USA}
}

@article{tandon2020exact,
  title={Exact Asymptotics for Learning Tree-Structured Graphical Models: Noiseless and Noisy Samples},
  author={A. Tandon and V. Y. F. Tan and S. Zhu},
  journal={IEEE Journal on Selected Areas of Information Theory},
  volume={1},
  number={3},
  pages={760--776},
  year={2020},
  publisher={IEEE}
}

@inproceedings{wang2010information,
  title={Information-theoretic bounds on model selection for {Gaussian} Markov random fields},
  author={W. Wang and M. J. Wainwright and K. Ramchandran},
  booktitle={Proc. IEEE Int. Symp. on Inf. Theory},
  pages={1373--1377},
  year={2010},
  Month={Jun.},
  address={Austin, Texas, USA},
  organization={IEEE}
}

@inproceedings{nikolakakis2019learning,
  title={Learning tree structures from noisy data},
  author={K. E. Nikolakakis and D. S. Kalogerias and A.D. Sarwate},
  booktitle={Proc. Artificial Intelligence and Statistics},
  pages={1771--1782},
  year={2019},
  organization={PMLR}
}

@inproceedings{tang2014latent,
  title={Latent regression forest: Structured estimation of 3d articulated hand posture},
  author={D. Tang and H. J. Chang and A. Tejani and T. Kim},
  booktitle={Proc. IEEE Conf. Computer Vision and Pattern Recognition},
  pages={3786--3793},
  year={2014}
}

@inproceedings{eisenstein2010latent,
  title={A latent variable model for geographic lexical variation},
  author={J. Eisenstein and B. Oâ€™Connor and N. A. Smith and E. Xing},
  booktitle={Proc. Conf. Empirical Methods in Natural Language Processing},
  pages={1277--1287},
  year={2010}
}


@InProceedings{parikh11,
 	 title = {A spectral algorithm for latent tree graphical models},
 	 author = {A. P. Parikh and   L. Song and E.  P. Xing},
 	 booktitle={International Conference on Machine Learning},
 	 pages = {1065--1072},
 	 year = {2011},
 	 address = {},
 	 month = {Jun.},
 } 

@Unpublished{Casanellas21arxiv,
	Title                    = {Robust estimation of tree structured models},
	Author                   = {Casanellas, M. and Garrote-Lopez, M. and Zwiernik, P.},
	Note                     = {arXiv:2102.05472v1 [stat.ML]},
	Month                    = {Feb.},
	Year                     = {2021},
}



@inproceedings{wang2017robust,
  title={Robust Gaussian graphical model estimation with arbitrary corruption},
  author={L. Wang and Q. Gu},
  booktitle={International Conference on Machine Learning},
  pages={3617--3626},
  year={2017},
  organization={PMLR}
}


@inproceedings{tandon2021sga,
  title={{SGA}: A Robust Algorithm for Partial Recovery of Tree-Structured Graphical Models with Noisy Samples},
  author={A. Tandon and A. H. J. Yuan and V. Y. F. Tan},
  booktitle={International Conference on Machine Learning},
  pages={},
  year={2021},
  organization={PMLR}
}

@article{tandon2021sga_arxiv,
  title={{SGA}: A Robust Algorithm for Partial Recovery of Tree-Structured Graphical Models with Noisy Samples},
  author={A. Tandon and A. HJ Yuan and V. Y. F. Tan},
  journal={arXiv preprint arXiv:2101.08917},
  year={2021}
}

@inproceedings{parikh2014spectral,
  title={Spectral unsupervised parsing with additive tree metrics},
  author={Parikh, A. and Cohen, S. B. and Xing, E.},
  booktitle={Proceedings of ACL},
  pages={1062--1072},
  year={2014}
}

@inproceedings{vats2014active,
  title={Active learning for undirected graphical model selection},
  author={Vats, D. and Nowak, R. and Baraniuk, R.},
  booktitle={Artificial Intelligence and Statistics},
  pages={958--967},
  year={2014},
  organization={PMLR}
}

@inproceedings{dasarathy2016active,
  title={Active learning algorithms for graphical model selection},
  author={Dasarathy, G. and Singh, A. and Balcan, M. and Park, J. H.},
  booktitle={Artificial Intelligence and Statistics},
  pages={1356--1364},
  year={2016},
  organization={PMLR}
}

@article{boix2021chow,
  title={Chow-{L}iu++: Optimal Prediction-Centric Learning of Tree {I}sing Models},
  author={Boix-Adsera, E. and Bresler, G. and Koehler, F.},
  journal={arXiv preprint arXiv:2106.03969},
  year={2021}
}


@inproceedings{li2009active,
  title={Active learning for causal {Bayesian} network structure with non-symmetrical entropy},
  author={Li, G. and Leong, T.},
  booktitle={Pacific-Asia Conference on Knowledge Discovery and Data Mining},
  pages={290--301},
  year={2009},
  organization={Springer}
}

@article{squires2020active,
  title={Active Structure Learning of Causal {DAG}s via Directed Clique Tree},
  author={Squires, C. and Magliacane, S. and Greenewald, K. and Katz, D. and Kocaoglu, M. and Shanmugam, K.},
  journal={arXiv preprint arXiv:2011.00641},
  year={2020}
}

@inproceedings{tong2001active,
  title={Active learning for structure in {Bayesian} networks},
  author={Tong, S. and Koller, D.},
  booktitle={International joint conference on artificial intelligence},
  volume={17},
  number={1},
  pages={863--869},
  year={2001},
  organization={Citeseer}
}

@article{he2008active,
  title={Active learning of causal networks with intervention experiments and optimal designs},
  author={He, Y. and Geng, Z.},
  journal={Journal of Machine Learning Research},
  volume={9},
  number={Nov},
  pages={2523--2547},
  year={2008}
}

@article{ben2021active,
  title={Active Structure Learning of {Bayesian} Networks in an Observational Setting},
  author={B. David, N. and Sabato, S.},
  journal={arXiv preprint arXiv:2103.13796},
  year={2021}
}

@inproceedings{scarlett2017lower,
  title={Lower bounds on active learning for graphical model selection},
  author={Scarlett, J. and Cevher, V.},
  booktitle={Artificial Intelligence and Statistics},
  pages={55--64},
  year={2017},
  organization={PMLR}
}

@incollection{montanari2012graphical,
  author      = "A. Montanari",
  title       = "Graphical models concepts in compressed sensing",
  editor      = "Y. C. Eldar and G. Kutyniok",
  booktitle   = "Compressed Sensing: Theory and Applications",
  publisher   = "Cambridge University Press",
  address     = "",
  year        = 2012,
  pages       = "394--438"
}

%-----------------------------------------------------------

Type:Book

%-----------------------------------------------------------
@book{lauritzen1996graphical,
  title={Graphical models},
  author={S. L. Lauritzen},
  volume={17},
  year={1996},
  publisher={Clarendon Press}
}

@book{Gen:B13,
  title={Matrix Computations},
  author={G. H. Golub and C. F. Van Loan},
  publisher={The Johns Hopkins University Press},
  address={Maryland, US},
  year={2013}
}

@book{horn2012matrix,
  title={Matrix analysis},
  author={R. A. Horn and C. R. Johnson},
  year={2012},
  address={New York, NY},
  publisher={Cambridge University Press}
}

@book{pearl2014probabilistic,
  title={Probabilistic reasoning in intelligent systems: Networks of plausible inference},
  author={P. Judea},
  year={2014},
  publisher={Elsevier}
}

@book{vershynin2010introduction,
  title={Introduction to the non-asymptotic analysis of random matrices},
  author={R. Vershynin},
  year={2010},
  address={New York, NY},
  publisher={Cambridge University Press}
}

@article{zeitouni1998large,
  title={Large Deviations Techniques and Applications},
  author={A. Dembo and O. Zeitouni},
  journal={Applications of Mathematics},
  volume={38},
  year={1998}
}

@book{hanneke2009theoretical,
  title={Theoretical {F}oundations of {A}ctive {L}earning},
  author={Hanneke, S.},
  year={2009},
  publisher={Carnegie Mellon University}
}

@book{settles2009active,
  title={Active {L}earning {L}iterature {S}urvey},
  author={Settles, B.},
  year={2009},
  publisher={University of Wisconsin-Madison Department of Computer Sciences}
}
%-----------------------------------------------------------

Type:Patent

%-----------------------------------------------------------
