@article{horn1981determining,
  title={Determining optical flow},
  author={Horn, Berthold KP and Schunck, Brian G},
  journal={Artificial Intelligence},
  volume={17},
  number={1-3},
  pages={185--203},
  year={1981},
}
@article{laga2020survey,
  title={A survey on deep learning techniques for stereo-based depth estimation},
  author={Laga, Hamid and Jospin, Laurent Valentin and Boussaid, Farid and Bennamoun, Mohammed},
  journal={IEEE Transactions on Pattern Analysis and Machine Intelligence},
  year={2020},
}

@article{tustison2019learning,
  title={Learning image-based spatial transformations via convolutional neural networks: A review},
  author={Tustison, Nicholas J and Avants, Brian B and Gee, James C},
  journal={Magnetic Resonance Imaging},
  volume={64},
  pages={142--153},
  year={2019},
}

@article{sotiras2013deformable,
  title={Deformable medical image registration: A survey},
  author={Sotiras, Aristeidis and Davatzikos, Christos and Paragios, Nikos},
  journal={IEEE Transactions on Medical Imaging},
  volume={32},
  number={7},
  pages={1153--1190},
  year={2013},
}

@article{fortun2015optical,
  title={Optical flow modeling and computation: A survey},
  author={Fortun, Denis and Bouthemy, Patrick and Kervrann, Charles},
  journal={Computer Vision and Image Understanding},
  volume={134},
  pages={1--21},
  year={2015},
}

@article{joshi2004unbiased,
  title={Unbiased diffeomorphic atlas construction for computational anatomy},
  author={Joshi, Sarang and Davis, Brad and Jomier, Matthieu and Gerig, Guido},
  journal={NeuroImage},
  volume={23},
  pages={S151--S160},
  year={2004},
}

@article{kobyzev2020normalizing,
  title={Normalizing flows: An introduction and review of current methods},
  author={Kobyzev, Ivan and Prince, Simon and Brubaker, Marcus},
  journal={IEEE Transactions on Pattern Analysis and Machine Intelligence},
  year={2020},
}

@article{chen2020exploring,
  title={Exploring Simple Siamese Representation Learning},
  author={Chen, Xinlei and He, Kaiming},
  journal={arXiv preprint arXiv:2011.10566},
  year={2020}
}

@inproceedings{Kingma15a,  
  author = {Kingma, Diederik P. and Ba, Jimmy},
  title = {{Adam}: A Method for Stochastic Optimization},
  booktitle = {ICLR},
  year = 2015}

@inproceedings{blitzer2006domain,
  title={Domain adaptation with structural correspondence learning},
  author={Blitzer, John and McDonald, Ryan and Pereira, Fernando},
  booktitle={EMNLP},
  year={2006}
}


@inproceedings{zhang2020cross,
  title={Cross-domain correspondence learning for exemplar-based image translation},
  author={Zhang, Pan and Zhang, Bo and Chen, Dong and Yuan, Lu and Wen, Fang},
  booktitle={CVPR},
  year={2020}
}

@inproceedings{marin2020correspondence,
  title={Correspondence learning via linearly-invariant embedding},
  author={Marin, Riccardo and Rakotosaona, Marie-Julie and Melzi, Simone and Ovsjanikov, Maks},
  journal={NeurIPS},
  year={2020}
}

@inproceedings{hur2019iterative,
  title={Iterative residual refinement for joint optical flow and occlusion estimation},
  author={Hur, Junhwa and Roth, Stefan},
  booktitle={CVPR},
  year={2019}
}

@inproceedings{hui2018liteflownet,
  title={Liteflownet: A lightweight convolutional neural network for optical flow estimation},
  author={Hui, Tak-Wai and Tang, Xiaoou and Loy, Chen Change},
  booktitle={CVPR},
  year={2018}
}

@inproceedings{zhou2016learning,
  title={Learning dense correspondence via {3D}-guided cycle consistency},
  author={Zhou, Tinghui and Krahenbuhl, Philipp and Aubry, Mathieu and Huang, Qixing and Efros, Alexei A},
  booktitle={CVPR},
  year={2016}
}

@inproceedings{ranjan2017optical,
  title={Optical flow estimation using a spatial pyramid network},
  author={Ranjan, Anurag and Black, Michael J},
  booktitle={CVPR},
  year={2017}
}

@inproceedings{dosovitskiy2015flownet,
  title={Flownet: Learning optical flow with convolutional networks},
  author={Dosovitskiy, Alexey and Fischer, Philipp and Ilg, Eddy and Hausser, Philip and Hazirbas, Caner and Golkov, Vladimir and Van Der Smagt, Patrick and Cremers, Daniel and Brox, Thomas},
  booktitle={ICCV},
  year={2015}
}

@article{risser2011simultaneous,
  title={Simultaneous multi-scale registration using large deformation diffeomorphic metric mapping},
  author={Risser, Laurent and Vialard, Fran{\c{c}}ois-Xavier and Wolz, Robin and Murgasova, Maria and Holm, Darryl D and Rueckert, Daniel},
  journal={IEEE Transactions on Medical Imaging},
  volume={30},
  number={10},
  pages={1746--1759},
  year={2011},
}

@book{horn1986robot,
  title={Robot vision},
  author={Horn, Berthold and Klaus, Berthold and Horn, Paul},
  year={1986},
  publisher={MIT press}
}

@inproceedings{niethammer2019metric,
  title={Metric learning for image registration},
  author={Niethammer, Marc and Kwitt, Roland and Vialard, Francois-Xavier},
  booktitle={CVPR},
  year={2019}
}

@book{nocedal2006numerical,
  title={Numerical optimization},
  author={Nocedal, Jorge and Wright, Stephen},
  year={2006},
  publisher={Springer Science \& Business Media}
}

@article{hoyer2019neural,
  title={Neural reparameterization improves structural optimization},
  author={Hoyer, Stephan and Sohl-Dickstein, Jascha and Greydanus, Sam},
  journal={arXiv preprint arXiv:1909.04240},
  year={2019}
}

@article{balakrishnan2019voxelmorph,
  title={Voxelmorph: a learning framework for deformable medical image registration},
  author={Balakrishnan, Guha and Zhao, Amy and Sabuncu, Mert R and Guttag, John and Dalca, Adrian V},
  journal={IEEE Transactions on Medical Imaging},
  volume={38},
  number={8},
  pages={1788--1800},
  year={2019},
}

@article{neyshabur2017,
  title={Implicit regularization in deep learning},
  author={Neyshabur, Behnam},
  journal={arXiv preprint arXiv:1709.01953},
  year={2017}
}

@inproceedings{cuturi2019,
  title={Differentiable ranking and sorting using optimal transport},
  author={Cuturi, Marco and Teboul, Olivier and Vert, Jean-Philippe},
  booktitle={NeurIPS},
  year={2019}
}

@inproceedings{engilberge2019sodeep,
  title={SoDeep: a Sorting Deep net to learn ranking loss surrogates},
  author={Engilberge, Martin and Chevallier, Louis and P{\'e}rez, Patrick and Cord, Matthieu},
  booktitle={CVPR},
  year={2019}
}

@book{liu2011learning,
  title={Learning to rank for information retrieval},
  author={Liu, Tie-Yan},
  year={2011},
  publisher={now publishers}
}

@inproceedings{chen1990neural,
  title={A neural sorting network with {O(1)} time complexity},
  author={Chen, Wen-Tsuen Chen Wen-Tsuen and Hsieh, Kuen-Rong Hsieh Kuen-Rong},
  booktitle={IJCNN},
  year={1990},
}

@article{leshno1993multilayer,
  title={Multilayer feedforward networks with a nonpolynomial activation function can approximate any function},
  author={Leshno, Moshe and Lin, Vladimir Ya and Pinkus, Allan and Schocken, Shimon},
  journal={Neural Networks},
  volume={6},
  number={6},
  pages={861--867},
  year={1993},
}


@inproceedings{blondel2020fast,
  title={Fast differentiable sorting and ranking},
  author={Blondel, Mathieu and Teboul, Olivier and Berthet, Quentin and Djolonga, Josip},
  booktitle={ICML},
  year={2020},
}

@article{peyre2019computational,
  title={Computational Optimal Transport: With Applications to Data Science},
  author={Peyr{\'e}, Gabriel and Cuturi, Marco and others},
  journal={Foundations and Trends{\textregistered} in Machine Learning},
  volume={11},
  number={5-6},
  pages={355--607},
  year={2019},
  publisher={Now Publishers, Inc.}
}

@article{yang2017quicksilver,
  title={Quicksilver: Fast predictive image registration--a deep learning approach},
  author={Yang, Xiao and Kwitt, Roland and Styner, Martin and Niethammer, Marc},
  journal={NeuroImage},
  volume={158},
  pages={378--396},
  year={2017},
}

@inproceedings{shen2019networks,
  title={Networks for joint affine and non-parametric image registration},
  author={Shen, Zhengyang and Han, Xu and Xu, Zhenlin and Niethammer, Marc},
  booktitle={CVPR},
  year={2019}
}

@inproceedings{shu2018deforming,
  title={Deforming autoencoders: Unsupervised disentangling of shape and appearance},
  author={Shu, Zhixin and Sahasrabudhe, Mihir and Alp Guler, Riza and Samaras, Dimitris and Paragios, Nikos and Kokkinos, Iasonas},
  booktitle={ECCV},
  year={2018}
}

@inproceedings{shen2019region,
  title={Region-specific diffeomorphic metric mapping},
  author={Shen, Zhengyang and Vialard, Fran{\c{c}}ois-Xavier and Niethammer, Marc},
  booktitle={NeurIPS},
  year={2019}
}

@inproceedings{dalca2018unsupervised,
  title={Unsupervised learning for fast probabilistic diffeomorphic registration},
  author={Dalca, Adrian V and Balakrishnan, Guha and Guttag, John and Sabuncu, Mert R},
  booktitle={MICCAI},
  year={2018},
}

@inproceedings{yang2016fast,
  title={Fast predictive image registration},
  author={Yang, Xiao and Kwitt, Roland and Niethammer, Marc},
  booktitle={Deep Learning and Data Labeling for Medical Applications},
  pages={48--57},
  year={2016},
}

@inproceedings{hart2009optimal,
  title={An optimal control approach for deformable registration},
  author={Hart, Gabriel L and Zach, Christopher and Niethammer, Marc},
  booktitle={CVPR Workshops},
  pages={9--16},
  year={2009},
}

@article{christensen2001consistent,
  title={Consistent image registration},
  author={Christensen, Gary E and Johnson, Hans J},
  journal={IEEE Transactions on Medical Imaging},
  volume={20},
  number={7},
  pages={568--582},
  year={2001},
}

@inproceedings{shah2020pitfalls,
  title={The pitfalls of simplicity bias in neural networks},
  author={Shah, Harshay and Tamuly, Kaustav and Raghunathan, Aditi and Jain, Prateek and Netrapalli, Praneeth},
  journal={NeurIPS},
  year={2020}
}

@book{modersitzki2004numerical,
  title={Numerical methods for image registration},
  author={Modersitzki, Jan},
  year={2004},
  publisher={Oxford University Press on Demand}
}

@article{holden2007review,
  title={A review of geometric transformations for nonrigid body registration},
  author={Holden, Mark},
  journal={IEEE Transactions on Medical Imaging},
  volume={27},
  number={1},
  pages={111--128},
  year={2007},
}

@inproceedings{zollei2005efficient,
  title={Efficient population registration of {3D} data},
  author={Z{\"o}llei, Lilla and Learned-Miller, Erik and Grimson, Eric and Wells, William},
  booktitle={International Workshop on Computer Vision for Biomedical Image Applications},
  pages={291--301},
  year={2005},
}


@InProceedings{boah19,
author="Kim, Boah
and Kim, Jieun
and Lee, June-Goo
and Kim, Dong Hwan
and Park, Seong Ho
and Ye, Jong Chul",
title="Unsupervised Deformable Image Registration Using Cycle-Consistent {CNN}",
booktitle="MICCAI",
year="2019"
}

@article{boah20,
  author    = {Boah Kim and
               Dong Hwan Kim and
               Seong Ho Park and
               Jieun Kim and
               June{-}Goo Lee and
               Jong Chul Ye},
  title     = {CycleMorph: Cycle Consistent Unsupervised Deformable Image Registration},
  journal   = {CoRR},
  volume    = {abs/2008.05772},
  year      = {2020},
  archivePrefix = {arXiv},
  eprint    = {2008.05772},
}

@inproceedings{shen19,
 author = {Zhengyang Shen and
Xu Han and
Zhenlin Xu and
Marc Niethammer},
 booktitle = {CVPR},
 title = {Networks for Joint Affine and Non-Parametric Image Registration},
 year = {2019}
}
@article{zhang18,
  author    = {Jun Zhang},
  title     = {Inverse-Consistent Deep Networks for Unsupervised Deformable Image
               Registration},
  journal   = {CoRR},
  volume    = {abs/1809.03443},
  year      = {2018},
  archivePrefix = {arXiv},
  eprint    = {1809.03443},
  timestamp = {Fri, 05 Oct 2018 11:34:52 +0200},
  biburl    = {https://dblp.org/rec/journals/corr/abs-1809-03443.bib},
  bibsource = {dblp computer science bibliography, https://dblp.org}
}
@ARTICLE{Rholfing12,
  author={Torsten {Rohlfing}},
  journal={IEEE Transactions on Medical Imaging}, 
  title={Image Similarity and Tissue Overlaps as Surrogates for Image Registration Accuracy: Widely Used but Unreliable}, 
  year={2012},
  volume={31},
  number={2},
  pages={153-163}
  }

@inproceedings{bhalodia19,
  title={A cooperative autoencoder for population-based regularization of {CNN} image registration},
  author={Bhalodia, Riddhish and Elhabian, Shireen Y and Kavan, Ladislav and Whitaker, Ross T},
  booktitle={MICCAI},
  year={2019},
}

@misc{karras2018progressive,
      title={Progressive Growing of GANs for Improved Quality, Stability, and Variation}, 
      author={Tero Karras and Timo Atila and Samuli Laine and Jaakko Lehtinen},
      year={2018},
      eprint={1710.10196},
      archivePrefix={arXiv},
      primaryClass={cs.NE}
}

@inproceedings{AmbellanTackEhlkeetal.2018,
  author    = {Felix Ambellan and Alexander Tack and Moritz Ehlke and Stefan Zachow},
  title     = {Automated Segmentation of Knee Bone and Cartilage combining Statistical Shape Knowledge and Convolutional Neural Networks: Data from the {Osteoarthritis Initiative}},
  booktitle = {MIDL},
  year      = {2018},
}

@article{DEPASCALE2016237,
title = {The Monge problem with vanishing gradient penalization: Vortices and asymptotic profile},
journal = {Journal de Mathématiques Pures et Appliquées},
volume = {106},
number = {2},
pages = {237-279},
year = {2016},
issn = {0021-7824},
doi = {https://doi.org/10.1016/j.matpur.2016.02.009},
url = {https://www.sciencedirect.com/science/article/pii/S0021782416000106},
author = {Luigi {De Pascale} and Jean Louet and Filippo Santambrogio},
keywords = {Optimal transport, Monge problem, Monotone transport, Γ-convergence, Density of smooth maps}
}

@article{Michor2005,
	Author = {Michor, Peter W. and Mumford, David},
	Fjournal = {Documenta Mathematica},
	Issn = {1431-0635},
	Journal = {Doc. Math.},
	Mrclass = {58B20 (58D15)},
	Mrnumber = {2148075 (2006g:58013)},
	Mrreviewer = {Leonardo Biliotti},
	Pages = {217--245},
	Title = {Vanishing geodesic distance on spaces of submanifolds and diffeomorphisms},
	Volume = {10},
	Year = {2005}}
	
@article{DuGrMi1998,
	Author = {P. Dupuis and U. Grenander and M. I. Miller},
	Journal = {Quart. Appl. Math.},
	Pages = {587-600},
	Title = {Variational Problems on Flows of Diffeomorphisms for Image Matching},
	Volume = {56},
	Year = {1998}}
@InProceedings{template_matching,
author="Hirani, Anil N.
and Marsden, Jerrold E.
and Arvo, James",
editor="Figueiredo, M{\'a}rio
and Zerubia, Josiane
and Jain, Anil K.",
title="Averaged Template Matching Equations",
booktitle="Energy Minimization Methods in Computer Vision and Pattern Recognition",
year="2001",
publisher="Springer Berlin Heidelberg",
address="Berlin, Heidelberg",
pages="528--543"
}

