@ARTICLE{ref_ktslr,  author={Lingala, Sajan Goud and Hu, Yue and DiBella, Edward and Jacob, Mathews}, 
  journal={IEEE Transactions on Medical Imaging},     title={Accelerated Dynamic MRI Exploiting Sparsity and Low-Rank Structure: k-t SLR},   year={2011},  volume={30},  number={5},  pages={1042-1054},  doi={10.1109/TMI.2010.2100850}}

@ARTICLE{ref_wmnn,  author={Cui, Kaiyan},  journal={IEEE Journal of Biomedical and Health Informatics},     title={Dynamic MRI Reconstruction via Weighted Tensor Nuclear Norm Regularizer},   year={2021},  volume={25},  number={8},  pages={3052-3060},  doi={10.1109/JBHI.2021.3061793}}

@ARTICLE{ref_tucker1,  author={He, Jingfei and Liu, Qiegen and Christodoulou, Anthony G. and Ma, Chao and Lam, Fan and Liang, Zhi-Pei},  journal={IEEE Transactions on Medical Imaging},     title={Accelerated High-Dimensional MR Imaging With Sparse Sampling Using Low-Rank Tensors},   year={2016},  volume={35},  number={9},  pages={2119-2129},  doi={10.1109/TMI.2016.2550204}}

@ARTICLE{ref_yaman,  author={Yaman, Burhaneddin and Weingärtner, Sebastian and Kargas, Nikolaos and Sidiropoulos, Nicholas D. and Akçakaya, Mehmet},  journal={IEEE Transactions on Computational Imaging},   title={Low-Rank Tensor Models for Improved Multidimensional MRI: Application to Dynamic Cardiac $T_1$ Mapping},   year={2020},  volume={6},  number={},  pages={194-207},  doi={10.1109/TCI.2019.2940916}}

@ARTICLE{ref_tucker2,
  title={High-dimensionality undersampled patch-based reconstruction (HD-PROST) for accelerated multi-contrast MRI},
  author={Bustin, Aur{\'e}lien and Lima da Cruz, Gast{\~a}o and Jaubert, Olivier and Lopez, Karina and Botnar, Ren{\'e} M and Prieto, Claudia},
  journal={Magnetic resonance in medicine},
  volume={81},
  number={6},
  pages={3705--3719},
  year={2019},
  publisher={Wiley Online Library}
}

@article{ref_tsvd,
  title={Factorization strategies for third-order tensors},
  author={Kilmer, Misha E and Martin, Carla D},
  journal={Linear Algebra and its Applications},
  volume={435},
  number={3},
  pages={641--658},
  year={2011},
  publisher={Elsevier}
}

@article{ref_tnn1,
  title={Tensor robust principal component analysis with a new tensor nuclear norm},
  author={Lu, Canyi and Feng, Jiashi and Chen, Yudong and Liu, Wei and Lin, Zhouchen and Yan, Shuicheng},
  journal={IEEE transactions on pattern analysis and machine intelligence},
  volume={42},
  number={4},
  pages={925--938},
  year={2019},
  publisher={IEEE}
}

@inproceedings{ref_tnn2,
  title={Tensor robust principal component analysis: Exact recovery of corrupted low-rank tensors via convex optimization},
  author={Lu, Canyi and Feng, Jiashi and Chen, Yudong and Liu, Wei and Lin, Zhouchen and Yan, Shuicheng},
  booktitle={Proceedings of the IEEE conference on computer vision and pattern recognition},
  pages={5249--5257},
  year={2016}
}

@article{ref_tnn_completion1,
  title={Exact low tubal rank tensor recovery from Gaussian measurements},
  author={Lu, Canyi and Feng, Jiashi and Lin, Zhouchen and Yan, Shuicheng},
  journal={arXiv preprint arXiv:1806.02511},
  year={2018}
}

@inproceedings{ref_tnn_completion2,
  title={Low-rank tensor completion with a new tensor nuclear norm induced by invertible linear transforms},
  author={Lu, Canyi and Peng, Xi and Wei, Yunchao},
  booktitle={Proceedings of the IEEE/CVF Conference on Computer Vision and Pattern Recognition},
  pages={5996--6004},
  year={2019}
}

@inproceedings{ref_tnn_dmri1,
  title={Sampling and recovery of MRI data using low rank tensor models},
  author={Banco, Daniel and Aeron, Shuchin and Hoge, W Scott},
  booktitle={2016 38th Annual International Conference of the IEEE Engineering in Medicine and Biology Society (EMBC)},
  pages={448--452},
  year={2016},
  organization={IEEE}
}

@inproceedings{ref_tnn_dmri2,
  title={Dynamic MRI reconstruction using tensor-SVD},
  author={Ai, Jianhang and Ma, Shuli and Du, Huiqian and Fang, Liping},
  booktitle={2018 14th IEEE International Conference on Signal Processing (ICSP)},
  pages={1114--1118},
  year={2018},
  organization={IEEE}
}

@article{ref_tensor,
  title={Tensor decompositions and applications},
  author={Kolda, Tamara G and Bader, Brett W},
  journal={SIAM review},
  volume={51},
  number={3},
  pages={455--500},
  year={2009},
  publisher={SIAM}
}

@article{giraf,
  title={A fast algorithm for convolutional structured low-rank matrix recovery},
  author={Ongie, Gregory and Jacob, Mathews},
  journal={IEEE transactions on computational imaging},
  volume={3},
  number={4},
  pages={535--550},
  year={2017},
  publisher={IEEE}
}

