@inproceedings{Bogart:fse2016,
author = {Bogart, Christopher and K\"{a}stner, Christian and Herbsleb, James and Thung, Ferdian},
title = {How to Break an API: Cost Negotiation and Community Values in Three Software Ecosystems},
year = {2016},
booktitle = {Proceedings of the 2016 24th ACM SIGSOFT International Symposium on Foundations of Software Engineering},
pages = {109–120},
numpages = {12}
}

@article{Decan:emse2019,
author = {Decan, Alexandre and Mens, Tom and Grosjean, Philippe},
year = {2019},
month = {02},
pages = {},
title = {An Empirical Comparison of Dependency Network Evolution in Seven Software Packaging Ecosystems},
volume = {24},
journal = {Empirical Software Engineering}
}

@article{MANIKAS:jss2016,
title = {Revisiting software ecosystems Research: A longitudinal literature study},
journal = {Journal of Systems and Software},
volume = {117},
pages = {84-103},
year = {2016},
author = {Konstantinos Manikas}
}

@inproceedings{Cappos:ccs2008,
author = {Cappos, Justin and Samuel, Justin and Baker, Scott and Hartman, John H.},
title = {A Look in the Mirror: Attacks on Package Managers},
year = {2008},
booktitle = {Proceedings of the 15th ACM Conference on Computer and Communications Security},
pages = {565–574},
numpages = {10}
}

@inproceedings {Nikitin:2017,
author = {Kirill Nikitin and Eleftherios Kokoris-Kogias and Philipp Jovanovic and Nicolas Gailly and Linus Gasser and Ismail Khoffi and Justin Cappos and Bryan Ford},
title = {{CHAINIAC}: Proactive {Software-Update} Transparency via Collectively Signed Skipchains and Verified Builds},
booktitle = {26th USENIX Security Symposium},
year = {2017},
pages = {1271--1287}
}

@inproceedings{10.1145/1866307.1866315,
author = {Samuel, Justin and Mathewson, Nick and Cappos, Justin and Dingledine, Roger},
title = {Survivable Key Compromise in Software Update Systems},
year = {2010},
booktitle = {Proceedings of the 17th ACM Conference on Computer and Communications Security},
pages = {61–72},
numpages = {12}
}

@misc{npmBlogA31:online,
author = {},
title = {npm Blog Archive: Reported malicious module: getcookies},
howpublished = {\url{https://blog.npmjs.org/post/173526807575/reported-malicious-module-getcookies}},
month = {},
year = {}
}

@misc{npmBlogA64:online,
author = {},
title = {npm Blog Archive: Plot to steal cryptocurrency foiled by the npm security team},
howpublished = {\url{https://blog.npmjs.org/post/185397814280/plot-to-steal-cryptocurrency-foiled-by-the-npm}},
month = {},
year = {}
}

@misc{Twomalic31:online,
author = {},
title = {Two malicious Python libraries caught stealing SSH and GPG keys | ZDNet},
howpublished = {\url{https://www.zdnet.com/article/two-malicious-python-libraries-removed-from-pypi/}},
month = {},
year = {}
}

@misc{Codeexec99:online,
author = {},
title = {Code execution back door found in Ruby's rest-client library | Snyk},
howpublished = {\url{https://snyk.io/blog/code-execution-back-door-found-in-rubys-rest-client-library/}},
month = {},
year = {}
}

@misc{Postmort14:online,
author = {},
title = {Postmortem for Malicious Packages Published on July 12th, 2018 - ESLint - Pluggable JavaScript linter},
howpublished = {\url{https://eslint.org/blog/2018/07/postmortem-for-malicious-package-publishes}},
month = {},
year = {}
}

@misc{Maliciou85:online,
author = {},
title = {Malicious code found in npm package event-stream downloaded 8 million times in the past 2.5 months | Snyk},
howpublished = {\url{https://snyk.io/blog/malicious-code-found-in-npm-package-event-stream/}},
month = {},
year = {}
}

@misc{UsingJSL63:online,
author = {},
title = {Using JSLint For Faster, Safer Coding With Less Javascript Errors · Raygun Blog},
howpublished = {\url{https://raygun.com/blog/jslint-safer-coding/}},
month = {},
year = {}
}

@misc{Thecompl84:online,
author = {},
title = {The complete package: Everything you need to know about npm security | The Daily Swig},
howpublished = {\url{https://portswigger.net/daily-swig/the-complete-package-everything-you-need-to-know-about-npm-security}},
month = {},
year = {2019}
}

@INPROCEEDINGS{Garrett:icse2019,  author={Garrett, Kalil and Ferreira, Gabriel and Jia, Limin and Sunshine, Joshua and Kästner, Christian},  booktitle={2019 IEEE/ACM 41st International Conference on Software Engineering: New Ideas and Emerging Results},   title={Detecting Suspicious Package Updates},   year={2019},  volume={},  number={},  pages={13-16}, doi = {10.1109/ICSE-NIER.2019.00012}}

@MISC{Livshits:2009,
    author = {Benjamin Livshits and Leo Meyerovich},
    title = {CONSCRIPT: Specifying and Enforcing Fine-Grained Security Policies for JavaScript in the Browser},
    year = {2009},
    doi = {10.1109/SP.2010.36}
}

@misc{Auditing24:online,
author = {},
title = {Auditing package dependencies for security vulnerabilities},
howpublished = {\url{https://docs.npmjs.com/auditing-package-dependencies-for-security-vulnerabilities}},
month = {},
year = {}
}

@misc{Requirin7:online,
author = {},
title = {Requiring 2FA for package publishing and settings modification},
howpublished = {\url{https://docs.npmjs.com/requiring-2fa-for-package-publishing-and-settings-modification}},
month = {},
year = {}
}

@inbook{Shen:ase2018,
author = {Shen, Yuju and Jiang, Yanyan and Xu, Chang and Yu, Ping and Ma, Xiaoxing and Lu, Jian},
title = {ReScue: Crafting Regular Expression DoS Attacks},
year = {2018},
booktitle = {Proceedings of the 33rd ACM/IEEE International Conference on Automated Software Engineering},
pages = {225–235},
numpages = {11}
}

@INPROCEEDINGS {Decan:icsme2018,
author = {A. Decan and T. Mens and E. Constantinou},
booktitle = {2018 IEEE International Conference on Software Maintenance and Evolution (ICSME)},
title = {On the Evolution of Technical Lag in the npm Package Dependency Network},
year = {2018},
volume = {},
issn = {},
pages = {404-414}
}

@INPROCEEDINGS{Dietrich:msr2019,  author={Dietrich, Jens and Pearce, David and Stringer, Jacob and Tahir, Amjed and Blincoe, Kelly},  booktitle={2019 IEEE/ACM 16th International Conference on Mining Software Repositories (MSR)},   title={Dependency Versioning in the Wild},   year={2019},  volume={},  number={},  pages={349-359}}


@ARTICLE{Cogo:tse2021,  author={Cogo, Filipe Roseiro and Oliva, Gustavo A. and Hassan, Ahmed E.},  journal={IEEE Transactions on Software Engineering},   title={An Empirical Study of Dependency Downgrades in the npm Ecosystem},   year={2021},  volume={47},  number={11},  pages={2457-2470}}

@phdthesis{Hejderup:2015,
author = {Hejderup, Joseph},
year = {2015},
pages = {},
title = {In Dependencies We Trust: How vulnerable are dependencies in software modules?}
}

@inproceedings{Zerouali:icsr2018,
  author    = {Ahmed Zerouali and
               Eleni Constantinou and
               Tom Mens and
               Gregorio Robles and
               Jes{\'{u}}s M. Gonz{\'{a}}lez{-}Barahona},
  title     = {An Empirical Analysis of Technical Lag in npm Package Dependencies},
  booktitle = {New Opportunities for Software Reuse - 17th International Conference,
               {ICSR}},
  volume    = {10826},
  pages     = {95--110},
  year      = {2018}
}

@inproceedings{Abdalkareem:fse2107,
author = {Abdalkareem, Rabe and Nourry, Olivier and Wehaibi, Sultan and Mujahid, Suhaib and Shihab, Emad},
title = {Why Do Developers Use Trivial Packages? An Empirical Case Study on Npm},
year = {2017},
booktitle = {Proceedings of the 2017 11th Joint Meeting on Foundations of Software Engineering},
pages = {385–395},
numpages = {11}
}

@inproceedings{Richards:2011,
author = {Richards, Gregor and Hammer, Christian and Burg, Brian and Vitek, Jan},
year = {2011},
month = {01},
pages = {52-78},
title = {The Eval That Men Do - A Large-Scale Study of the Use of Eval in JavaScript Applications.}
}

@INPROCEEDINGS{Decan:saner2017,  author={Decan, Alexandre and Mens, Tom and Claes, Maëlick},  booktitle={2017 IEEE 24th International Conference on Software Analysis, Evolution and Reengineering (SANER)},   title={An empirical comparison of dependency issues in OSS packaging ecosystems},   year={2017},  volume={},  number={},  pages={2-12}}

@inproceedings{Derr:2017,
author = {Derr, Erik and Bugiel, Sven and Fahl, Sascha and Acar, Yasemin and Backes, Michael},
title = {Keep Me Updated: An Empirical Study of Third-Party Library Updatability on Android},
year = {2017},
booktitle = {Proceedings of the 2017 ACM SIGSAC Conference on Computer and Communications Security},
pages = {2187–2200},
numpages = {14}
}

@article{Kula:emse2018,
author = {Kula, Raula and German, Daniel and Ouni, Ali and Ishio, Takashi and Inoue, Katsuro},
year = {2018},
month = {02},
pages = {1-34},
title = {Do developers update their library dependencies?},
volume = {23},
journal = {Empirical Software Engineering}
}

@INPROCEEDINGS{Mirhosseini:ase2017,  author={Mirhosseini, Samim and Parnin, Chris},  booktitle={2017 32nd IEEE/ACM International Conference on Automated Software Engineering (ASE)},   title={Can automated pull requests encourage software developers to upgrade out-of-date dependencies?},   year={2017},  volume={},  number={},  pages={84-94}}

@INPROCEEDINGS{Wittern:msr2016,  author={Wittern, Erik and Suter, Philippe and Rajagopalan, Shriram},  booktitle={2016 IEEE/ACM 13th Working Conference on Mining Software Repositories (MSR)},   title={A Look at the Dynamics of the JavaScript Package Ecosystem},   year={2016},  volume={},  number={},  pages={351-361},  doi={}}

@article{Viega:2001,
author = {Viega, John and McGraw, Gary},
year = {2001},
month = {01},
pages = {},
title = {Building Secure Software: How to Avoid Security Problems the Right Way}
}

@INPROCEEDINGS{Bartel:ase2012,  author={Bartel, Alexandre and Klein, Jacques and Le Traon, Yves and Monperrus, Martin},  booktitle={2012 Proceedings of the 27th IEEE/ACM International Conference on Automated Software Engineering},   title={Automatically securing permission-based software by reducing the attack surface: an application to Android},   year={2012},  volume={},  number={},  pages={274-277}}

@INPROCEEDINGS{Guha:2011,  author={Guha, Arjun and Fredrikson, Matthew and Livshits, Benjamin and Swamy, Nikhil},  booktitle={2011 IEEE Symposium on Security and Privacy},   title={Verified Security for Browser Extensions},   year={2011},  volume={},  number={},  pages={115-130}}

@inproceedings{Wei:2012,
author = {Wei, Xuetao and Gomez, Lorenzo and Neamtiu, Iulian and Faloutsos, Michalis},
title = {Permission Evolution in the Android Ecosystem},
year = {2012},
booktitle = {Proceedings of the 28th Annual Computer Security Applications Conference},
pages = {31–40},
numpages = {10}
}

@inproceedings{10.1145/1533057.1533067,
author = {Phung, Phu H. and Sands, David and Chudnov, Andrey},
title = {Lightweight Self-Protecting JavaScript},
year = {2009},
booktitle = {Proceedings of the 4th International Symposium on Information, Computer, and Communications Security},
pages = {47–60},
numpages = {14}
}

@inproceedings{Guarnieri:2009,
  title={GATEKEEPER: Mostly Static Enforcement of Security and Reliability Policies for JavaScript Code},
  author={Salvatore Guarnieri and Benjamin Livshits},
  booktitle={USENIX Security Symposium},
  year={2009}
}

@inproceedings{Staicu:2018,
author = {Staicu, Cristian-Alexandru and Pradel, Michael and Livshits, Benjamin},
year = {2018},
month = {01},
pages = {},
title = {SYNODE: Understanding and Automatically Preventing Injection Attacks on NODE.JS}
}

@INPROCEEDINGS{Decan:msr2018,  author={Decan, Alexandre and Mens, Tom and Constantinou, Eleni},  booktitle={2018 IEEE/ACM 15th International Conference on Mining Software Repositories (MSR)},   title={On the Impact of Security Vulnerabilities in the npm Package Dependency Network},   year={2018},  volume={},  number={},  pages={181-191}, doi= {10.1007/s10664-022-10154-1}}

@inproceedings{Finifter:2010,
  title={Preventing Capability Leaks in Secure JavaScript Subsets},
  author={Matthew Finifter and Joel Weinberger and Adam Barth},
  booktitle={Proc. Network and Distributed System Security Symposium},
  year={2010}
}

@inproceedings{AdJail:2010,
  title={AdJail: Practical Enforcement of Confidentiality and Integrity Policies on Web Advertisements},
  author={Mike Ter Louw and Karthik Thotta Ganesh and Venkat Venkatakrishnan},
  booktitle={USENIX Security Symposium},
  year={2010}
}

@INPROCEEDINGS{Maffeis:2009,  author={Maffeis, Sergio and Taly, Ankur},  booktitle={2009 22nd IEEE Computer Security Foundations Symposium},   title={Language-Based Isolation of Untrusted JavaScript},   year={2009},  volume={},  number={},  pages={77-91}}

@INPROCEEDINGS{Ojamaa:2012,  author={Ojamaa, Andres and Düüna, Karl},  booktitle={2012 International Conference for Internet Technology and Secured Transactions},   title={Assessing the security of Node.js platform},   year={2012},  volume={},  number={},  pages={348-355},  doi={}}

@inproceedings{Stefan:2014,
author = {Stefan, Deian and Yang, Edward Z. and Marchenko, Petr and Russo, Alejandro and Herman, Dave and Karp, Brad and Mazi\`{e}res, David},
title = {Protecting Users by Confining JavaScript with COWL},
year = {2014},
booktitle = {Proc. USENIX Conference on Operating Systems Design and Implementation},
pages = {131–146},
numpages = {16}
}

@inproceedings{Zimmermann:2019,
author = {Zimmermann, Markus and Staicu, Cristian-Alexandru and Tenny, Cam and Pradel, Michael},
title = {Smallworld with High Risks: A Study of Security Threats in the Npm Ecosystem},
year = {2019},
booktitle = {Proceedings of the 28th USENIX Conference on Security Symposium},
pages = {995–1010},
numpages = {16}
}

@article{Chandola:2009,
author = {Chandola, Varun and Banerjee, Arindam and Kumar, Vipin},
title = {Anomaly Detection: A Survey},
year = {2009},
volume = {41},
number = {3},
journal = {ACM Comput. Surv.},
numpages = {58},
}

@inproceedings{ZimmermannSEC19,
author = {Zimmermann, Markus and Staicu, Cristian-Alexandru and Tenny, Cam and Pradel, Michael},
title = {Smallworld with High Risks: A Study of Security Threats in the Npm Ecosystem},
year = {2019},
booktitle = {Proc. of USENIX Conference on Security Symposium},
pages = {995–1010},
numpages = {16}
}


@inproceedings{GarrettICSE-NIER19,
author = {Garrett, Kalil and Ferreira, Gabriel and Jia, Limin and Sunshine, Joshua and K\"{a}stner, Christian},
title = {Detecting Suspicious Package Updates},
year = {2019},
booktitle = {ICSE: New Ideas and Emerging Results},
pages = {13–16},
numpages = {4},
doi = {10.1109/ICSE-NIER.2019.00012}
}


@article{Goyal:2017,
author = {Goyal, Raman and Ferreira, Gabriel and Kästner, Christian and Herbsleb, James},
year = {2017},
month = {09},
pages = {e1893},
title = {Identifying unusual commits on GitHub: Goyal et al .},
volume = {30},
journal = {Journal of Software: Evolution and Process}
}

@INPROCEEDINGS{Portnoy:2001,
    author = {Leonid Portnoy and Eleazar Eskin and Sal Stolfo},
    title = {Intrusion Detection with Unlabeled Data Using Clustering},
    booktitle = {In Proceedings of ACM CSS Workshop on Data Mining Applied to Security (DMSA-2001},
    year = {2001},
    pages = {5--8}
}

@misc{Librarie95:online,
author = {},
title = {Libraries.io - The Open Source Discovery Service},
howpublished = {\url{https://libraries.io/}},
month = {},
year = {2015}
}
@misc{YfryTchs40:online,
author = {},
title = {YfryTchsGD/Log4jAttackSurface},
howpublished = {\url{https://github.com/YfryTchsGD/Log4jAttackSurface}},
month = {},
year = {2021}
}

@misc{Peopleof34:online,
author = {},
title = {People of ACM - Thomas Zimmermann},
howpublished = {\url{https://www.acm.org/articles/people-of-acm/2022/thomas-zimmermann?fbclid=IwAR0H_TFsEcMjt7DIu6m96p9dXlaqYNALwe_mOCTW_c6Yt1Dxb-xRMq_7zVE}},
month = {},
year = {}
}

@misc{Top100np77:online,
author = {},
title = {Top-100 npm package maintainers now require 2FA},
howpublished = {\url{https://github.blog/2022-02-01-top-100-npm-package-maintainers-require-2fa-additional-security/}},
month = {},
year = {2022}
}

@misc{AlphaOme74:online,
author = {},
title = {Alpha-Omega - Open Source Security Foundation},
howpublished = {\url{https://openssf.org/community/alpha-omega/}},
month = {},
year = {2020}
}

@misc{faisalma21:online,
author = {},
title = {faisalman/ua-parser-js: UAParser.js - Detect Browser, Engine, OS, CPU, and Device type/model from User-Agent data. Supports browser \& node.js environment.},
howpublished = {\url{https://github.com/faisalman/ua-parser-js}},
month = {},
year = {2012}
}

@misc{vegedcoa43:online,
author = {},
title = {veged/coa: Command-Option-Argument: Get more from defining your command line interface},
howpublished = {\url{https://github.com/veged/coa}},
month = {},
year = {2011}
}
@misc{dominict15:online,
author = {},
title = {dominictarr/rc: The non-configurable configuration loader for lazy people.},
howpublished = {\url{https://github.com/dominictarr/rc}},
month = {},
year = {2012}
}

@ARTICLE{Wattanakriengkrai:arxiv2022,
  author={Wattanakriengkrai, Supatsara and Wang, Dong and Kula, Raula Gaikovina and Treude, Christoph and Thongtanunam, Patanamon and Ishio, Takashi and Matsumoto, Kenichi},
  journal={TSE}, 
  title={Giving Back: Contributions Congruent to Library Dependency Changes in a Software Ecosystem}, 
  year={2022},
  volume={},
  number={},
  pages={1-13},
  doi={10.1109/TSE.2022.3225197}}

@inproceedings{Golzadeh:2019,
author = {Golzadeh, Mehdi},
year = {2019},
pages = {},
title = {Analysing Socio-technical Congruence in the Package Dependency Network of Cargo},
booktitle = {ESEC/FSE},
doi = {10.1145/3338906.3342497}
}

@article{Zerouali:emse2022,
author = {Zerouali, Ahmed and Mens, Tom and Decan, Alexandre and De Roover, Coen},
title = {On the Impact of Security Vulnerabilities in the Npm and RubyGems Dependency Networks},
year = {2022},
volume = {27},
number = {5},
journal = {EMSE},
numpages = {45},
keywords = {Security vulnerabilities, RubyGems, npm, Vulnerable packages},
doi = {10.1007/s10664-022-10154-1}
}
@article{Abdalkareem:emse2020,
author = {Abdalkareem, Rabe and Oda, Vinicius and Mujahid, Suhaib and Shihab, Emad},
year = {2020},
pages = {},
title = {On the impact of using trivial packages: an empirical case study on npm and PyPI},
volume = {25},
journal = {EMSE},
doi = {10.1007/s10664-019-09792-9}
}

@INPROCEEDINGS {sejfia:icse2022,
author = {A. Sejfia and M. Schafer},
booktitle = {ICSE},
title = {Practical Automated Detection of Malicious npm Packages},
year = {2022},
volume = {},
issn = {},
pages = {1681-1692},
doi = {10.1145/3510003.3510104}
}

@INPROCEEDINGS{Ferreira:icse2021,  author={Ferreira, Gabriel and Jia, Limin and Sunshine, Joshua and Kästner, Christian},  booktitle={2021 IEEE/ACM 43rd International Conference on Software Engineering (ICSE)},   title={Containing Malicious Package Updates in npm with a Lightweight Permission System},   year={2021},  volume={},  number={},  pages={1334-1346},  doi={10.1109/ICSE43902.2021.00121}}

@misc{duan:ndss2022,
  doi = {10.48550/ARXIV.2002.01139},
  author = {Duan, Ruian and Alrawi, Omar and Kasturi, Ranjita Pai and Elder, Ryan and Saltaformaggio, Brendan and Lee, Wenke},
  
  title = {Towards Measuring Supply Chain Attacks on Package Managers for Interpreted Languages},
  year = {2022}
}

@article{aom:emse2023,
author = {Maeprasart, Vittunyuta and Wattanakriengkrai, Supatsara and Kula, Raula and Treude, Christoph and Matsumoto, Kenichi},
year = {2023},
month = {03},
pages = {},
title = {Understanding the Role of External Pull Requests in the NPM Ecosystem},
journal = {EMSE},
doi = {10.1007/s10664-023-10315-w}
}

@ARTICLE{Subramanian:2022,
  author={Subramanian, Vikram N. and Rehman, Ifraz and Nagappan, Meiyappan and Kula, Raula Gaikovina},
  journal={IEEE Software}, 
  title={Analyzing First Contributions on GitHub: What Do Newcomers Do?}, 
  year={2022},
  volume={39},
  number={1},
  pages={93-101},
  doi={10.1109/MS.2020.3041241}}

@InProceedings{ohm:2020,
author="Ohm, Marc
and Plate, Henrik
and Sykosch, Arnold
and Meier, Michael",
editor="Maurice, Cl{\'e}mentine
and Bilge, Leyla
and Stringhini, Gianluca
and Neves, Nuno",
title="Backstabber's Knife Collection: A Review of Open Source Software Supply Chain Attacks",
booktitle="Detection of Intrusions and Malware, and Vulnerability Assessment",
year="2020",
pages="23--43"
}

@INPROCEEDINGS{Alfadel:saner2021,
  author={Alfadel, Mahmoud and Costa, Diego Elias and Shihab, Emad},
  booktitle={2021 IEEE International Conference on Software Analysis, Evolution and Reengineering (SANER)}, 
  title={Empirical Analysis of Security Vulnerabilities in Python Packages}, 
  year={2021},
  volume={},
  number={},
  pages={446-457}}
  
 @INPROCEEDINGS{Ruohonen:2021,
  author={Ruohonen, Jukka and Hjerppe, Kalle and Rindell, Kalle},
  booktitle={2021 18th International Conference on Privacy, Security and Trust (PST)}, 
  title={A Large-Scale Security-Oriented Static Analysis of Python Packages in PyPI}, 
  year={2021},
  volume={},
  number={},
  pages={1-10}}
  
  
@inproceedings {Markus:2019,
author = {Markus Zimmermann and Cristian-Alexandru Staicu and Cam Tenny and Michael Pradel},
title = {Small World with High Risks: A Study of Security Threats in the npm Ecosystem},
booktitle = {28th USENIX Security Symposium (USENIX Security 19)},
year = {2019},
pages = {995--1010}
}

@inproceedings{Nielsen:2021,
author = {Nielsen, Benjamin Barslev and Torp, Martin Toldam and M\o{}ller, Anders},
title = {Modular Call Graph Construction for Security Scanning of Node.Js Applications},
year = {2021},
booktitle = {Proceedings of the 30th ACM SIGSOFT International Symposium on Software Testing and Analysis},
pages = {29–41},
numpages = {13}
}

@article{Zerouali:2022,
author = {Zerouali, Ahmed and Mens, Tom and Decan, Alexandre and De Roover, Coen},
title = {On the Impact of Security Vulnerabilities in the Npm and RubyGems Dependency Networks},
year = {2022},
volume = {27},
number = {5},
journal = {Empirical Softw. Engg.},
doi = {10.1007/s10664-022-10154-1}
}


@inproceedings{zahan:icse2023,
author = {Zahan, Nusrat and Shohan, Shohanuzzaman and Harris, Dan and Williams, Laurie},
title = {Do Software Security Practices Yield Fewer Vulnerabilities?},
year = {2023},
booktitle = {ICSE: Software Engineering in Practice},
doi = {10.1109/ICSE-SEIP58684.2023.00032}
}

@inproceedings{li:fse2022,
author = {Li, Wen and Li, Li and Cai, Haipeng},
title = {On the Vulnerability Proneness of Multilingual Code},
year = {2022},
booktitle = {Proceedings of the 30th ACM Joint European Software Engineering Conference and Symposium on the Foundations of Software Engineering},
pages = {847–859},
numpages = {13}
}


@inproceedings{kang:issta2022,
author = {Kang, Hong Jin and Nguyen, Truong Giang and Le, Bach and P\u{a}s\u{a}reanu, Corina S. and Lo, David},
title = {Test Mimicry to Assess the Exploitability of Library Vulnerabilities},
year = {2022},
booktitle = {Proceedings of the 31st ACM SIGSOFT International Symposium on Software Testing and Analysis},
pages = {276–288},
numpages = {13},
doi = {10.1145/3533767.3534398}
}

@inproceedings{cispa3932,
          author = {Dominik Wermke and Jan H. Klemmer and Noah W{\"o}hler and Juliane Schm{\"u}ser and Yasemin Acar Harshini Sri Ramulu and Sascha Fahl},
       booktitle = {44th IEEE Symposium on Security and Privacy},
            year = {2023},
           title = {"Always Contribute Back": A Qualitative Study on Security Challenges of the Open Source Supply Chain},
doi = {10.1109/SP46215.2023.10179378}
}

@misc{Sonatype12:online,
author = {},
title = {Sonatype's 2021 Software Supply Chain Report},
howpublished = {\url{https://www.sonatype.com/resources/state-of-the-software-supply-chain-2021}},
month = {},
year = {2021}
}

@misc{UnsafeRu41:online,
author = {},
title = {Unsafe Rust - The Rust Programming Language},
howpublished = {\url{https://doc.rust-lang.org/book/ch19-01-unsafe-rust.html}},
month = {},
year = {2023}
}

@misc{Aboutnpm57:online,
author = {},
title = {About npm | npm Docs},
howpublished = {\url{https://docs.npmjs.com/about-npm}},
month = {},
year = {2014}
}

@misc{Filesyst74:online,
author = {},
title = {File system | Node.js v20.0.0 Documentation},
howpublished = {\url{https://nodejs.org/api/fs.html\#fs_file_system}},
month = {},
year = {2009}
}

@misc{NetNodej20:online,
author = {},
title = {Net | Node.js v20.0.0 Documentation},
howpublished = {\url{https://nodejs.org/api/net.html}},
month = {},
year = {2009}
}

@misc{evalJava75:online,
author = {},
title = {eval() - JavaScript | MDN},
howpublished = {\url{https://developer.mozilla.org/en-US/docs/Web/JavaScript/Reference/Global_Objects/eval}},
month = {},
year = {1998}
}

@misc{JavaScri65:online,
author = {},
title = {JavaScript Require – How to Use the require() Function in JS},
howpublished = {\url{https://www.freecodecamp.org/news/how-to-use-the-javascript-require-function/}},
month = {},
year = {2023}
}

@misc{JavaScri86:online,
author = {},
title = {JavaScript require vs import},
howpublished = {\url{https://flexiple.com/javascript/javascript-require-vs-import/\#how-it-works}},
month = {},
year = {2023}
}

@misc{JavaScri60:online,
author = {},
title = {JavaScript eval security best practices},
howpublished = {\url{https://www.codiga.io/blog/javascript-eval-best-practices/}},
month = {},
year = {2023}
}

@misc{GitHubos50:online,
author = {},
title = {GitHub - ossf/criticality\_score: Gives criticality score for an open source project},
howpublished = {\url{https://github.com/ossf/criticality_score}},
month = {},
year = {2020}
}

@misc{GitHubos53:online,
author = {},
title = {GitHub - ossf/scorecard: OpenSSF Scorecard - Security health metrics for Open Source},
howpublished = {\url{https://github.com/ossf/scorecard}},
month = {},
year = {2020}
}

@misc{GitHubos27:online,
author = {},
title = {GitHub - ossf/wg-best-practices-os-developers: The Best Practices for OSS Developers working group is dedicated to raising awareness and education of secure code best practices for open source developers.},
howpublished = {\url{https://github.com/ossf/wg-best-practices-os-developers}},
month = {},
year = {2020}
}