@inproceedings{kikas2017structure,
  title={Structure and evolution of package dependency networks},
  author={Kikas, Riivo and Gousios, Georgios and Dumas, Marlon and Pfahl, Dietmar},
  booktitle={2017 IEEE/ACM 14th International Conference on Mining Software Repositories (MSR)},
  pages={102--112},
  year={2017},
  organization={IEEE}
}

@inproceedings{10.1109/ASEW.2015.21,
author = {Bogart, Christopher and Kastner, Christian and Herbsleb, James},
title = {When It Breaks, It Breaks: How Ecosystem Developers Reason about the Stability of Dependencies},
year = {2015},
isbn = {9781467397759},
publisher = {IEEE Computer Society},
address = {USA},
booktitle = {Proceedings of the 2015 30th IEEE/ACM International Conference on Automated Software Engineering Workshop (ASEW)},
pages = {86–89},
numpages = {4},
series = {ASEW '15}
}

@article{sawilowsky2009new,
  title={New effect size rules of thumb},
  author={Sawilowsky, Shlomo S},
  journal={Journal of Modern Applied Statistical Methods},
  volume={8},
  number={2},
  pages={26},
  year={2009}
}

@article{cohen1992statistical,
  title={Statistical power analysis},
  author={Cohen, Jacob},
  journal={Current directions in psychological science},
  volume={1},
  number={3},
  pages={98--101},
  year={1992},
  publisher={Sage Publications Sage CA: Los Angeles, CA}
}
@inproceedings{dietrich2019dependency,
  title={Dependency versioning in the wild},
  author={Dietrich, Jens and Pearce, David and Stringer, Jacob and Tahir, Amjed and Blincoe, Kelly},
  booktitle={2019 IEEE/ACM 16th International Conference on Mining Software Repositories (MSR)},
  pages={349--359},
  year={2019},
  organization={IEEE}
}

@inproceedings{HataICSE2019,
 author = {Hata, Hideaki and Treude, Christoph and Kula, Raula Gaikovina and Ishio, Takashi},
 title = {9.6 Million Links in Source Code Comments: Purpose, Evolution, and Decay},
 year = {2019},
 booktitle = {Proceedings of the 41st International Conference on Software Engineering},
 pages = {1211–1221}
}

@article{alhazmi2007measuring,
  title={Measuring, analyzing and predicting security vulnerabilities in software systems},
  author={Alhazmi, Omar H and Malaiya, Yashwant K and Ray, Indrajit},
  journal={computers \& security},
  volume={26},
  number={3},
  pages={219--228},
  year={2007},
  publisher={Elsevier}
}

@inproceedings{decan2017empirical,
  title={An empirical comparison of dependency issues in OSS packaging ecosystems},
  author={Decan, Alexandre and Mens, Tom and Claes, Ma{\"e}lick},
  booktitle={2017 IEEE 24th International Conference on Software Analysis, Evolution and Reengineering (SANER)},
  pages={2--12},
  year={2017},
  organization={IEEE}
}

@inproceedings{mirhosseini2017can,
  title={Can automated pull requests encourage software developers to upgrade out-of-date dependencies?},
  author={Mirhosseini, Samim and Parnin, Chris},
  booktitle={2017 32nd IEEE/ACM International Conference on Automated Software Engineering (ASE)},
  pages={84--94},
  year={2017},
  organization={IEEE}
}

@article{bavota2015apache,
  title={How the Apache community upgrades dependencies: an evolutionary study},
  author={Bavota, Gabriele and Canfora, Gerardo and Di Penta, Massimiliano and Oliveto, Rocco and Panichella, Sebastiano},
  journal={Empirical Software Engineering},
  volume={20},
  number={5},
  pages={1275--1317},
  year={2015},
  publisher={Springer}
}
@inproceedings{hora2015developers,
  title={How do developers react to API evolution? The Pharo ecosystem case},
  author={Hora, Andr{\'e} and Robbes, Romain and Anquetil, Nicolas and Etien, Anne and Ducasse, St{\'e}phane and Valente, Marco Tulio},
  booktitle={2015 IEEE International Conference on Software Maintenance and Evolution (ICSME)},
  pages={251--260},
  year={2015},
  organization={IEEE}
}

@inproceedings{ihara2017understanding,
  title={Understanding When to Adopt a Library: A Case Study on ASF Projects},
  author={Ihara, Akinori and Fujibayashi, Daiki and Suwa, Hirohiko and Kula, Raula Gaikovina and Matsumoto, Kenichi},
  booktitle={IFIP International Conference on Open Source Systems},
  pages={128--138},
  year={2017},
  organization={Springer, Cham}
}

@inproceedings{robbes2012developers,
  title={How do developers react to API deprecation? The case of a Smalltalk ecosystem},
  author={Robbes, Romain and Lungu, Mircea and R{\"o}thlisberger, David},
  booktitle={Proceedings of the ACM SIGSOFT 20th International Symposium on the Foundations of Software Engineering},
  pages={1--11},
  year={2012}
}

@inproceedings{sawant2016reaction,
  title={On the reaction to deprecation of 25,357 clients of 4+ 1 popular Java APIs},
  author={Sawant, Anand Ashok and Robbes, Romain and Bacchelli, Alberto},
  booktitle={2016 IEEE International Conference on Software Maintenance and Evolution (ICSME)},
  pages={400--410},
  year={2016},
  organization={IEEE}
}


@inproceedings{raemaekers2012measuring,
  title={Measuring software library stability through historical version analysis},
  author={Raemaekers, Steven and Van Deursen, Arie and Visser, Joost},
  booktitle={2012 28th IEEE International Conference on Software Maintenance (ICSM)},
  pages={378--387},
  year={2012},
  organization={IEEE}
}

@inproceedings{teyton2012mining,
  title={Mining library migration graphs},
  author={Teyton, Cedric and Falleri, Jean-Remy and Blanc, Xavier},
  booktitle={2012 19th Working Conference on Reverse Engineering},
  pages={289--298},
  year={2012},
  organization={IEEE}
}

@inproceedings{abdalkareem2017developers,
  title={Why do developers use trivial packages? an empirical case study on npm},
  author={Abdalkareem, Rabe and Nourry, Olivier and Wehaibi, Sultan and Mujahid, Suhaib and Shihab, Emad},
  booktitle={Proceedings of the 2017 11th Joint Meeting on Foundations of Software Engineering},
  pages={385--395},
  year={2017}
}

@inproceedings{macho2018automatically,
  title={Automatically repairing dependency-related build breakage},
  author={Macho, Christian and McIntosh, Shane and Pinzger, Martin},
  booktitle={2018 IEEE 25th International Conference on Software Analysis, Evolution and Reengineering (SANER)},
  pages={106--117},
  year={2018},
  organization={IEEE}
}

@inproceedings{agrawal1994fast,
  title={Fast algorithms for mining association rules},
  author={Agrawal, Rakesh and Srikant, Ramakrishnan and others},
  booktitle={Proc. 20th int. conf. very large data bases, VLDB},
  volume={1215},
  pages={487--499},
  year={1994}
}

@inproceedings{mcintosh2011empirical,
  title={An empirical study of build maintenance effort},
  author={McIntosh, Shane and Adams, Bram and Nguyen, Thanh HD and Kamei, Yasutaka and Hassan, Ahmed E},
  booktitle={2011 33rd International Conference on Software Engineering (ICSE)},
  pages={141--150},
  year={2011},
  organization={IEEE}
}

@article{mcintosh2012evolution,
  title={The evolution of Java build systems},
  author={Mcintosh, Shane and Adams, Bram and Hassan, Ahmed E},
  journal={Empirical Software Engineering},
  volume={17},
  number={4-5},
  pages={578--608},
  year={2012},
  publisher={Springer}
}
@inproceedings{mcintosh2010evolution,
  title={The evolution of ANT build systems},
  author={McIntosh, Shane and Adams, Bram and Hassan, Ahmed E},
  booktitle={2010 7th IEEE Working Conference on Mining Software Repositories (MSR 2010)},
  pages={42--51},
  year={2010},
  organization={IEEE}
}

f@inproceedings{adams2007design,
  title={Design recovery and maintenance of build systems},
  author={Adams, Bram and Tromp, Herman and De Schutter, Kris and De Meuter, Wolfgang},
  booktitle={2007 IEEE International Conference on Software Maintenance},
  pages={114--123},
  year={2007},
  organization={IEEE}
}

@misc{Web:npmStat,
author = {the npm blog},
title = {{npm blog: Next Phase Montage}},
howpublished = {\url{https://blog.npmjs.org/post/612764866888007680/next-phase-montage}},
month = {},
year = {2020},
note = {(Accessed on 05/20/2020)}
}

@inproceedings{kula2014visualizing,
  title={Visualizing the evolution of systems and their library dependencies},
  author={Kula, Raula Gaikovina and De Roover, Coen and German, Daniel and Ishio, Takashi and Inoue, Katsuro},
  booktitle={2014 Second IEEE Working Conference on Software Visualization},
  pages={127--136},
  year={2014},
  organization={IEEE}
}

@article{abdalkareem2017code,
  title={On code reuse from stackoverflow: An exploratory study on android apps},
  author={Abdalkareem, Rabe and Shihab, Emad and Rilling, Juergen},
  journal={Information and Software Technology},
  volume={88},
  pages={148--158},
  year={2017},
  publisher={Elsevier}
}

@article{ahmed2017understanding,
  title={Understanding and evaluating the behavior of technical users. A study of developer interaction at StackOverflow},
  author={Ahmed, Tanveer and Srivastava, Abhishek},
  journal={Human-centric Computing and Information Sciences},
  volume={7},
  number={1},
  pages={8},
  year={2017},
  publisher={Springer}
}

@article{han2020programmers,
  title={What do Programmers Discuss about Deep Learning Frameworks},
  author={Han, Junxiao and Shihab, Emad and Wan, Zhiyuan and Deng, Shuiguang and Xia, Xin},
  journal={EMPIRICAL SOFTWARE ENGINEERING},
  year={2020},
  publisher={Springer}
}

@inproceedings{venkatesh2016client,
  title={What do client developers concern when using web apis? an empirical study on developer forums and stack overflow},
  author={Venkatesh, Pradeep K and Wang, Shaohua and Zhang, Feng and Zou, Ying and Hassan, Ahmed E},
  booktitle={2016 IEEE International Conference on Web Services (ICWS)},
  pages={131--138},
  year={2016},
  organization={IEEE}
}

@inproceedings{artho2012software,
  title={Why do software packages conflict?},
  author={Artho, Cyrille and Suzaki, Kuniyasu and Di Cosmo, Roberto and Treinen, Ralf and Zacchiroli, Stefano},
  booktitle={2012 9th IEEE Working Conference on Mining Software Repositories (MSR)},
  pages={141--150},
  year={2012},
  organization={IEEE}
}




@article{wan2019discussed,
  title={What is Discussed about Blockchain? A Case Study on the Use of Balanced LDA and the Reference Architecture of a Domain to Capture Online Discussions about Blockchain platforms across the Stack Exchange Communities},
  author={Wan, Zhiyuan and Xia, Xin and Hassan, Ahmed E},
  journal={IEEE Transactions on Software Engineering},
  year={2019},
  publisher={IEEE}
}


@inproceedings{agrawal1993mining,
  title={Mining association rules between sets of items in large databases},
  author={Agrawal, Rakesh and Imieli{\'n}ski, Tomasz and Swami, Arun},
  booktitle={Proceedings of the 1993 ACM SIGMOD international conference on Management of data},
  pages={207--216},
  year={1993}
}

@article{han2000mining,
  title={Mining frequent patterns without candidate generation},
  author={Han, Jiawei and Pei, Jian and Yin, Yiwen},
  journal={ACM sigmod record},
  volume={29},
  number={2},
  pages={1--12},
  year={2000},
  publisher={ACM New York, NY, USA}
}

@article{cohen1988effect,
  title={The effect size index: d},
  author={Cohen, Jacob},
  journal={Statistical power analysis for the behavioral sciences},
  volume={2},
  pages={284--288},
  year={1988},
  publisher={Lawrence Erlbaum Associates New Jersey, NJ, USA}
}

@article{kruskal1952kruskall,
  title={Kruskall--Wallis one way analysis of variance},
  author={Kruskal, WH},
  journal={J Am Stat Assoc},
  volume={47},
  number={260},
  pages={583--621},
  year={1952}
}

@misc{nesbitt2017libraries,
  title={Libraries. io open source repository and dependency metadata},
  author={Nesbitt, Andrew and Nickolls, Benjamin},
  year={2017},
  publisher={Jun}
}

@article{zhang2019reading,
  title={Reading Answers on Stack Overflow: Not Enough!},
  author={Zhang, Haoxiang and Wang, Shaowei and Chen, Tse-Hsun and Hassan, Ahmed E},
  journal={IEEE Transactions on Software Engineering},
  year={2019},
  publisher={IEEE}
}



@inproceedings{ahmed2018concurrency,
  title={What do concurrency developers ask about? a large-scale study using stack overflow},
  author={Ahmed, Syed and Bagherzadeh, Mehdi},
  booktitle={Proceedings of the 12th ACM/IEEE International Symposium on Empirical Software Engineering and Measurement},
  pages={1--10},
  year={2018}
}
@inproceedings{chernikova2020distributed,
  title={Distributed Linux Build System for Elbrus Hardware Platform},
  author={Chernikova, Elena A and Shalaev, Mikhail A},
  booktitle={2020 IEEE Conference of Russian Young Researchers in Electrical and Electronic Engineering (EIConRus)},
  pages={256--258},
  year={2020},
  organization={IEEE}
}

@article{decan2019empirical,
  title={An empirical comparison of dependency network evolution in seven software packaging ecosystems},
  author={Decan, Alexandre and Mens, Tom and Grosjean, Philippe},
  journal={Empirical Software Engineering},
  volume={24},
  number={1},
  pages={381--416},
  year={2019},
  publisher={Springer}
}


@article{mcintosh2015large,
  title={A large-scale empirical study of the relationship between build technology and build maintenance},
  author={McIntosh, Shane and Nagappan, Meiyappan and Adams, Bram and Mockus, Audris and Hassan, Ahmed E},
  journal={Empirical Software Engineering},
  volume={20},
  number={6},
  pages={1587--1633},
  year={2015},
  publisher={Springer}
}
@inproceedings{kula2018generalized,
  title={A generalized model for visualizing library popularity, adoption, and diffusion within a software ecosystem},
  author={Kula, Raula Gaikovina and De Roover, Coen and German, Daniel M and Ishio, Takashi and Inoue, Katsuro},
  booktitle={2018 IEEE 25th International Conference on Software Analysis, Evolution and Reengineering (SANER)},
  pages={288--299},
  year={2018},
  organization={IEEE}
}

@inproceedings{decan2018impact,
  title={On the impact of security vulnerabilities in the npm package dependency network},
  author={Decan, Alexandre and Mens, Tom and Constantinou, Eleni},
  booktitle={Proceedings of the 15th International Conference on Mining Software Repositories},
  pages={181--191},
  year={2018}
}


@article{decan2019package,
  title={What do package dependencies tell us about semantic versioning?},
  author={Decan, Alexandre and Mens, Tom},
  journal={IEEE Transactions on Software Engineering},
  year={2019},
  publisher={IEEE}
}

@article{rosen2016mobile,
  title={What are mobile developers asking about? a large scale study using stack overflow},
  author={Rosen, Christoffer and Shihab, Emad},
  journal={Empirical Software Engineering},
  volume={21},
  number={3},
  pages={1192--1223},
  year={2016},
  publisher={Springer}
}

@article{pascarella2018information,
  title={Information needs in contemporary code review},
  author={Pascarella, Luca and Spadini, Davide and Palomba, Fabio and Bruntink, Magiel and Bacchelli, Alberto},
  journal={Proceedings of the ACM on Human-Computer Interaction},
  volume={2},
  number={CSCW},
  pages={1--27},
  year={2018},
  publisher={ACM New York, NY, USA}
}


@inproceedings{bogart2016break,
  title={How to break an API: cost negotiation and community values in three software ecosystems},
  author={Bogart, Christopher and K{\"a}stner, Christian and Herbsleb, James and Thung, Ferdian},
  booktitle={Proceedings of the 2016 24th ACM SIGSOFT International Symposium on Foundations of Software Engineering},
  pages={109--120},
  year={2016}
}


@inproceedings{nasehi2012makes,
  title={What makes a good code example?: A study of programming Q\&A in StackOverflow},
  author={Nasehi, Seyed Mehdi and Sillito, Jonathan and Maurer, Frank and Burns, Chris},
  booktitle={2012 28th IEEE International Conference on Software Maintenance (ICSM)},
  pages={25--34},
  year={2012},
  organization={IEEE}
}


@inproceedings{linares2013exploratory,
  title={An exploratory analysis of mobile development issues using stack overflow},
  author={Linares-V{\'a}squez, Mario and Dit, Bogdan and Poshyvanyk, Denys},
  booktitle={2013 10th Working Conference on Mining Software Repositories (MSR)},
  pages={93--96},
  year={2013},
  organization={IEEE}
}
 


@article{yang2016security,
  title={What security questions do developers ask? a large-scale study of stack overflow posts},
  author={Yang, Xin-Li and Lo, David and Xia, Xin and Wan, Zhi-Yuan and Sun, Jian-Ling},
  journal={Journal of Computer Science and Technology},
  volume={31},
  number={5},
  pages={910--924},
  year={2016},
  publisher={Springer}
}


@article{wu2019developers,
  title={How do developers utilize source code from stack overflow?},
  author={Wu, Yuhao and Wang, Shaowei and Bezemer, Cor-Paul and Inoue, Katsuro},
  journal={Empirical Software Engineering},
  volume={24},
  number={2},
  pages={637--673},
  year={2019},
  publisher={Springer}
}


@inproceedings{thiselton2019enhancing,
  title={Enhancing Python Compiler Error Messages via Stack},
  author={Thiselton, Emillie and Treude, Christoph},
  booktitle={2019 ACM/IEEE International Symposium on Empirical Software Engineering and Measurement (ESEM)},
  pages={1--12},
  year={2019},
  organization={IEEE}
}

@article{gaikovina2017modeling,
  title={Modeling Library Dependencies and Updates in Large Software Repository Universes},
  author={Kula, Raula Gaikovina and De Roover, Coen and German, Daniel M and Ishio, Takashi and Inoue, Katsuro},
  journal={arXiv preprint arXiv:1709.04626},
  year={2017}
}

@INPROCEEDINGS{SANER2015_Raula,
  author = {Raula Gaikovina Kula and Daniel German and Takashi Ishio and Katsuro
	Inoue},
  title = {Trusting a Library: A Study of the Latency to Adopt the Latest Maven
	Release},
  booktitle = {Proceedings on the 22nd IEEE International Conference on Software Analysis, Evolution, and Reengineering},
  year = {2015},
  pages = {520--524}
}

@inproceedings{zapata2018towards,
  title={Towards smoother library migrations: A look at vulnerable dependency migrations at function level for npm JavaScript packages},
  author={Zapata, Rodrigo Elizalde and Kula, Raula Gaikovina and Chinthanet, Bodin and Ishio, Takashi and Matsumoto, Kenichi and Ihara, Akinori},
  booktitle={2018 IEEE International Conference on Software Maintenance and Evolution (ICSME)},
  pages={559--563},
  year={2018},
  organization={IEEE}
}


@inproceedings{kula2017exploratory,
  title={An exploratory study on library aging by monitoring client usage in a software ecosystem},
  author={Kula, Raula Gaikovina and German, Daniel M and Ishio, Takashi and Ouni, Ali and Inoue, Katsuro},
  booktitle={2017 IEEE 24th International Conference on Software Analysis, Evolution and Reengineering (SANER)},
  pages={407--411},
  year={2017},
  organization={IEEE}
}


@article{kula2018empirical,
  title={An empirical study on the impact of refactoring activities on evolving client-used APIs},
  author={Kula, Raula Gaikovina and Ouni, Ali and German, Daniel M and Inoue, Katsuro},
  journal={Information and Software Technology},
  volume={93},
  pages={186--199},
  year={2018},
  publisher={Elsevier}
}


@article{kula2018developers,
  title={Do developers update their library dependencies?},
  author={Kula, Raula Gaikovina and German, Daniel M and Ouni, Ali and Ishio, Takashi and Inoue, Katsuro},
  journal={Empirical Software Engineering},
  volume={23},
  number={1},
  pages={384--417},
  year={2018},
  publisher={Springer}
}


@inproceedings{ahasanuzzaman2018classifying,
  title={Classifying Stack Overflow posts on API issues},
  author={Ahasanuzzaman, Md and Asaduzzaman, Muhammad and Roy, Chanchal K and Schneider, Kevin A},
  booktitle={2018 IEEE 25th international conference on software analysis, evolution and reengineering (SANER)},
  pages={244--254},
  year={2018},
  organization={IEEE}
}


@article{sawant2019react,
  title={To react, or not to react: Patterns of reaction to API deprecation},
  author={Sawant, Anand Ashok and Robbes, Romain and Bacchelli, Alberto},
  journal={Empirical Software Engineering},
  volume={24},
  number={6},
  pages={3824--3870},
  year={2019},
  publisher={Springer}
}


@inproceedings{raemaekers2014semantic,
  title={Semantic versioning versus breaking changes: A study of the maven repository},
  author={Raemaekers, Steven and Van Deursen, Arie and Visser, Joost},
  booktitle={2014 IEEE 14th International Working Conference on Source Code Analysis and Manipulation},
  pages={215--224},
  year={2014},
  organization={IEEE}
}

@article{decan2019package,
  title={What do package dependencies tell us about semantic versioning?},
  author={Decan, Alexandre and Mens, Tom},
  journal={IEEE Transactions on Software Engineering},
  year={2019},
  publisher={IEEE}
}


@inproceedings{dey2018software,
  title={Are software dependency supply chain metrics useful in predicting change of popularity of npm packages?},
  author={Dey, Tapajit and Mockus, Audris},
  booktitle={Proceedings of the 14th International Conference on Predictive Models and Data Analytics in Software Engineering},
  pages={66--69},
  year={2018}
}

@inproceedings{xavier2017we,
  title={Why do we break APIs? first answers from developers},
  author={Xavier, Laerte and Hora, Andre and Valente, Marco Tulio},
  booktitle={2017 IEEE 24th International Conference on Software Analysis, Evolution and Reengineering (SANER)},
  pages={392--396},
  year={2017},
  organization={IEEE}
}

@inproceedings{brito2018and,
  title={Why and how Java developers break APIs},
  author={Brito, Aline and Xavier, Laerte and Hora, Andre and Valente, Marco Tulio},
  booktitle={2018 IEEE 25th International Conference on Software Analysis, Evolution and Reengineering (SANER)},
  pages={255--265},
  year={2018},
  organization={IEEE}
}

@inproceedings{bagherzadeh2019going,
  title={Going big: a large-scale study on what big data developers ask},
  author={Bagherzadeh, Mehdi and Khatchadourian, Raffi},
  booktitle={Proceedings of the 2019 27th ACM Joint Meeting on European Software Engineering Conference and Symposium on the Foundations of Software Engineering},
  pages={432--442},
  year={2019}
}

@inproceedings{de2018extending,
  title={Extending PythonQA with knowledge from StackOverflow},
  author={de Azevedo, Renato Preigschadt and Henriques, Pedro Rangel and Pereira, Maria Jo{\~a}o Varanda},
  booktitle={World Conference on Information Systems and Technologies},
  pages={568--575},
  year={2018},
  organization={Springer}
}

@inproceedings{arwan2015source,
  title={Source code retrieval on stackoverflow using lda},
  author={Arwan, Achmad and Rochimah, Siti and Akbar, Rizky Januar},
  booktitle={2015 3rd International Conference on Information and Communication Technology (ICoICT)},
  pages={295--299},
  year={2015},
  organization={IEEE}
}

@inproceedings{wang2013empirical,
  title={An empirical study on developer interactions in StackOverflow},
  author={Wang, Shaowei and Lo, David and Jiang, Lingxiao},
  booktitle={Proceedings of the 28th Annual ACM Symposium on Applied Computing},
  pages={1019--1024},
  year={2013}
}




@inproceedings{baltes2019sotorrent,
  title={Sotorrent: Studying the origin, evolution, and usage of stack overflow code snippets},
  author={Baltes, Sebastian and Treude, Christoph and Diehl, Stephan},
  booktitle={2019 IEEE/ACM 16th International Conference on Mining Software Repositories (MSR)},
  pages={191--194},
  year={2019},
  organization={IEEE}
}



@inproceedings{DBLP:conf/msr/BaltesDT008,
  author    = {Sebastian Baltes and
               Lorik Dumani and
               Christoph Treude and
               Stephan Diehl},
  editor    = {Andy Zaidman and
               Yasutaka Kamei and
               Emily Hill},
  title     = {SOTorrent: reconstructing and analyzing the evolution of stack overflow
               posts},
  booktitle = {Proceedings of the 15th International Conference on Mining Software
               Repositories, {MSR} 2018, Gothenburg, Sweden, May 28-29, 2018},
  pages     = {319--330},
  publisher = {{ACM}},
  year      = {2018},
  timestamp = {Thu, 06 Feb 2020 08:16:50 +0100},
  biburl    = {https://dblp.org/rec/bib/conf/msr/BaltesDT008},
  bibsource = {dblp computer science bibliography, https://dblp.org}
}

@inproceedings{10.1145/1985793.1985907,
author = {Treude, Christoph and Barzilay, Ohad and Storey, Margaret-Anne},
title = {How Do Programmers Ask and Answer Questions on the Web? (NIER Track)},
year = {2011},
isbn = {9781450304450},
publisher = {Association for Computing Machinery},
address = {New York, NY, USA},
url = {https://doi.org/10.1145/1985793.1985907},
doi = {10.1145/1985793.1985907},
booktitle = {Proceedings of the 33rd International Conference on Software Engineering},
pages = {804–807},
numpages = {4},
keywords = {stack overflow, social media, q&a, questions},
location = {Waikiki, Honolulu, HI, USA},
series = {ICSE ’11}
}

@article{barua2014developers,
  title={What are developers talking about? an analysis of topics and trends in stack overflow},
  author={Barua, Anton and Thomas, Stephen W and Hassan, Ahmed E},
  journal={Empirical Software Engineering},
  volume={19},
  number={3},
  pages={619--654},
  year={2014},
  publisher={Springer}
}


@inproceedings{linares2013exploratory,
  title={An exploratory analysis of mobile development issues using stack overflow},
  author={Linares-V{\'a}squez, Mario and Dit, Bogdan and Poshyvanyk, Denys},
  booktitle={2013 10th Working Conference on Mining Software Repositories (MSR)},
  pages={93--96},
  year={2013},
  organization={IEEE}
}

@inproceedings{beyer2014manual,
  title={A manual categorization of android app development issues on stack overflow},
  author={Beyer, Stefanie and Pinzger, Martin},
  booktitle={2014 IEEE International Conference on Software Maintenance and Evolution},
  pages={531--535},
  year={2014},
  organization={IEEE}
}

@inproceedings{mamykina2011design,
  title={Design lessons from the fastest q\&a site in the west},
  author={Mamykina, Lena and Manoim, Bella and Mittal, Manas and Hripcsak, George and Hartmann, Bj{\"o}rn},
  booktitle={Proceedings of the SIGCHI conference on Human factors in computing systems},
  pages={2857--2866},
  year={2011}
}

@inproceedings{xia2013tag,
  title={Tag recommendation in software information sites},
  author={Xia, Xin and Lo, David and Wang, Xinyu and Zhou, Bo},
  booktitle={2013 10th Working Conference on Mining Software Repositories (MSR)},
  pages={287--296},
  year={2013},
  organization={IEEE}
}

@article{wang2018entagrec,
  title={EnTagRec++: An enhanced tag recommendation system for software information sites},
  author={Wang, Shaowei and Lo, David and Vasilescu, Bogdan and Serebrenik, Alexander},
  journal={Empirical Software Engineering},
  volume={23},
  number={2},
  pages={800--832},
  year={2018},
  publisher={Springer}
}

@article{cogo2019empirical,
  title={An Empirical Study of Dependency Downgrades in the npm Ecosystem},
  author={Cogo, Filipe Roseiro and Oliva, Gustavo Ansaldi and Hassan, Ahmed E},
  journal={IEEE Transactions on Software Engineering},
  year={2019},
  publisher={IEEE}
}



@inproceedings{pletea2014security,
  title={Security and emotion: sentiment analysis of security discussions on GitHub},
  author={Pletea, Daniel and Vasilescu, Bogdan and Serebrenik, Alexander},
  booktitle={Proceedings of the 11th working conference on mining software repositories},
  pages={348--351},
  year={2014}
}

@article{mccallum2002mallet,
  title={Mallet: A machine learning for language toolkit},
  author={McCallum, Andrew Kachites},
  journal={http://mallet. cs. umass. edu},
  year={2002}
}

@article{viera2005understanding,
  title={Understanding interobserver agreement: the kappa statistic},
  author={Viera, Anthony J and Garrett, Joanne M and others},
  journal={Fam med},
  volume={37},
  number={5},
  pages={360--363},
  year={2005}
}

@inproceedings{treude2011programmers,
  title={How do programmers ask and answer questions on the web?(NIER track)},
  author={Treude, Christoph and Barzilay, Ohad and Storey, Margaret-Anne},
  booktitle={Proceedings of the 33rd international conference on software engineering},
  pages={804--807},
  year={2011}
}

@inproceedings {Cox-ICSE2015,
author = {J. Cox and E. Bouwers and M. Eekelen and J. Visser},
booktitle = {2015 IEEE/ACM 37th IEEE International Conference on Software Engineering (ICSE)},
title = {Measuring Dependency Freshness in Software Systems},
year = {2015},
volume = {},
issn = {},
pages = {109-118},
}

