@article{2021,
  author    = {Jianyu Wang and
               Bing{-}Kun Bao and
               Changsheng Xu},
  title     = {DualVGR: {A} Dual-Visual Graph Reasoning Unit for Video Question Answering},
  journal   = {CoRR},
  volume    = {abs/2107.04768},
  year      = {2021}
}

@inproceedings{li2019beyond,
  author    = {Xiangpeng Li and
               Jingkuan Song and
               Lianli Gao and
               Xianglong Liu and
               Wenbing Huang and
               Xiangnan He and
               Chuang Gan},
  title     = {Beyond RNNs: Positional Self-Attention with Co-Attention for Video
               Question Answering},
  booktitle = {AAAI},
  pages     = {8658--8665},
  year      = {2019},
}

@inproceedings{DBLP:conf/mm/XuZX0Z0Z17,
  author    = {Dejing Xu and
               Zhou Zhao and
               Jun Xiao and
               Fei Wu and
               Hanwang Zhang and
               Xiangnan He and
               Yueting Zhuang},
  title     = {Video Question Answering via Gradually Refined Attention over Appearance
               and Motion},
  booktitle = {ACM MM},
  pages     = {1645--1653},
  year      = {2017}
}

@inproceedings{wang2020visual,
  author    = {Tan Wang and
               Jianqiang Huang and
               Hanwang Zhang and
               Qianru Sun},
  title     = {Visual Commonsense {R-CNN}},
  booktitle = {CVPR},
  pages     = {10757--10767},
  year      = {2020}
}

@inproceedings{Wang_2018_ECCV,
  author    = {Xiaolong Wang and
               Abhinav Gupta},
  title     = {Videos as Space-Time Region Graphs},
  booktitle = {ECCV},
  pages     = {413--431},
  year      = {2018}
}
@inproceedings{gao2018motionappearance,
  author    = {Jiyang Gao and
               Runzhou Ge and
               Kan Chen and
               Ram Nevatia},
  title     = {Motion-Appearance Co-Memory Networks for Video Question Answering},
  booktitle = {CVPR},
  pages     = {6576--6585},
  year      = {2018}
}

@inproceedings{fan2019heterogeneous,
  author    = {Chenyou Fan and
               Xiaofan Zhang and
               Shu Zhang and
               Wensheng Wang and
               Chi Zhang and
               Heng Huang},
  title     = {Heterogeneous Memory Enhanced Multimodal Attention Model for Video Question Answering},
  booktitle = {CVPR},
  pages     = {1999--2007},
  year      = {2019},
}


@article{le2021hierarchical,
  author    = {Thao Minh Le and
               Vuong Le and
               Svetha Venkatesh and
               Truyen Tran},
  title     = {Hierarchical Conditional Relation Networks for Multimodal Video Question
               Answering},
  journal   = {Int. J. Comput. Vis.},
  volume    = {129},
  pages     = {3027--3050},
  year      = {2021}
}


@inproceedings{park2021bridge,
  author    = {Jungin Park and
               Jiyoung Lee and
               Kwanghoon Sohn},
  title     = {Bridge To Answer: Structure-Aware Graph Interaction Network for Video Question Answering},
  booktitle = {CVPR},
  pages     = {15526--15535},
  year      = {2021}
}


@inproceedings{huang2020locationaware,
  author    = {Deng Huang and
               Peihao Chen and
               Runhao Zeng and
               Qing Du and
               Mingkui Tan and
               Chuang Gan},
  title     = {Location-Aware Graph Convolutional Networks for Video Question Answering},
  booktitle = {AAAI},
  pages     = {11021--11028},
  year      = {2020}
}

@inproceedings{jiang2020reasoning,
  author    = {Pin Jiang and
               Yahong Han},
  title     = {Reasoning with Heterogeneous Graph Alignment for Video Question Answering},
  booktitle = {AAAI},
  pages     = {11109--11116},
  year      = {2020}
}

@inproceedings{dang2021hierarchical,
  author    = {Long Hoang Dang and
               Thao Minh Le and
               Vuong Le and
               Truyen Tran},
  title     = {Hierarchical Object-oriented Spatio-Temporal Reasoning for Video Question
               Answering},
  booktitle = {IJCAI},
  pages     = {636--642},
  year      = {2021}
}


@inproceedings{zeng2016leveraging,
  author    = {Kuo{-}Hao Zeng and
               Tseng{-}Hung Chen and
               Ching{-}Yao Chuang and
               Yuan{-}Hong Liao and
               Juan Carlos Niebles and
               Min Sun},
  title     = {Leveraging Video Descriptions to Learn Video Question Answering},
  booktitle = {AAAI},
  pages     = {4334--4340},
  year      = {2017}
}


@inproceedings{Jiang_Chen_Lin_Zhao_Gao_2020,
  author    = {Jianwen Jiang and
               Ziqiang Chen and
               Haojie Lin and
               Xibin Zhao and
               Yue Gao},
  title     = {Divide and Conquer: Question-Guided Spatio-Temporal Contextual Attention
               for Video Question Answering},
  booktitle = {AAAI},
  pages     = {11101--11108},
  year      = {2020}
}

@inproceedings{schuster2019debiasing,
  author    = {Tal Schuster and
               Darsh J. Shah and
               Yun Jie Serene Yeo and
               Daniel Filizzola and
               Enrico Santus and
               Regina Barzilay},
  title     = {Towards Debiasing Fact Verification Models},
  booktitle = {EMNLP},
  pages     = {3417--3423},
  year      = {2019}
}


@article{arjovsky2020invariant,
  author    = {Mart{\'{\i}}n Arjovsky and
               L{\'{e}}on Bottou and
               Ishaan Gulrajani and
               David Lopez{-}Paz},
  title     = {Invariant Risk Minimization},
  journal   = {CoRR},
  volume    = {abs/1907.02893},
  year      = {2019}
}

@inproceedings{REx,
  author    = {David Krueger and
               Ethan Caballero and
               J{\"{o}}rn{-}Henrik Jacobsen and
               Amy Zhang and
               Jonathan Binas and
               Dinghuai Zhang and
               R{\'{e}}mi Le Priol and
               Aaron C. Courville},
  title     = {Out-of-Distribution Generalization via Risk Extrapolation (REx)},
  booktitle = {ICML},
  pages     = {5815--5826},
  year      = {2021}
}

@inproceedings{DBLP:conf/nips/VaswaniSPUJGKP17,
  author    = {Ashish Vaswani and
               Noam Shazeer and
               Niki Parmar and
               Jakob Uszkoreit and
               Llion Jones and
               Aidan N. Gomez and
               Lukasz Kaiser and
               Illia Polosukhin},
  title     = {Attention is All you Need},
  booktitle = {NeuaIPS},
  pages     = {5998--6008},
  year      = {2017}
}

@inproceedings{DBLP:conf/icml/XuBKCCSZB15,
  author    = {Kelvin Xu and
               Jimmy Ba and
               Ryan Kiros and
               Kyunghyun Cho and
               Aaron C. Courville and
               Ruslan Salakhutdinov and
               Richard S. Zemel and
               Yoshua Bengio},
  title     = {Show, Attend and Tell: Neural Image Caption Generation with Visual Attention},
  booktitle = {ICML},
  pages     = {2048--2057},
  year      = {2015}
}

@article{pearl2000models,
  title={Models, reasoning and inference},
  author={Pearl, Judea and others},
  journal={Cambridge, UK: CambridgeUniversityPress},
  volume={19},
  year={2000}
}

@book{pearl2016causal,
  title={Causal inference in statistics: A primer},
  author={Pearl, Judea and Glymour, Madelyn and Jewell, Nicholas P},
  year={2016},
}


@inproceedings{du2021interpreting,
  author    = {Mengnan Du and
               Varun Manjunatha and
               Rajiv Jain and
               Ruchi Deshpande and
               Franck Dernoncourt and
               Jiuxiang Gu and
               Tong Sun and
               Xia Hu},
  title     = {Towards Interpreting and Mitigating Shortcut Learning Behavior of NLU models},
  booktitle = {NAACL},
  pages     = {915--929},
  year      = {2021}
}

@article{2020,
  author    = {Robert Geirhos and
               J{\"{o}}rn{-}Henrik Jacobsen and
               Claudio Michaelis and
               Richard S. Zemel and
               Wieland Brendel and
               Matthias Bethge and
               Felix A. Wichmann},
  title     = {Shortcut Learning in Deep Neural Networks},
  journal   = {CoRR},
  volume    = {abs/2004.07780},
  year      = {2020}
}

@inproceedings{wang2021causal,
  author    = {Tan Wang and
               Chang Zhou and
               Qianru Sun and
               Hanwang Zhang},
  title     = {Causal Attention for Unbiased Visual Recognition},
  booktitle = {ICCV},
  pages     = {3071--3080},
  year      = {2021}
}

@inproceedings{acne,
  author    = {Weiwei Sun and
               Wei Jiang and
               Eduard Trulls and
               Andrea Tagliasacchi and
               Kwang Moo Yi},
  title     = {ACNe: Attentive Context Normalization for Robust Permutation-Equivariant Learning},
  booktitle = {CVPR},
  pages     = {11283--11292},
  year      = {2020}
}


@article{yang2020deconfounded,
  author    = {Xu Yang and
               Hanwang Zhang and
               Jianfei Cai},
  title     = {Deconfounded Image Captioning: {A} Causal Retrospect},
  journal   = {CoRR},
  volume    = {abs/2003.03923},
  year      = {2020}
}

@inproceedings{DBLP:conf/nips/ZhangZT0S20,
  author    = {Dong Zhang and
               Hanwang Zhang and
               Jinhui Tang and
               Xian{-}Sheng Hua and
               Qianru Sun},
  title     = {Causal Intervention for Weakly-Supervised Semantic Segmentation},
  booktitle = {NeurIPS},
  year      = {2020}
}

@inproceedings{nasa,
  title = {NASA: Neural Articulated Shape Approximation},
  author = {Deng, Boyang and Lewis, JP and Jeruzalski, Timothy and Pons-Moll, Gerard and Hinton, Geoffrey and Norouzi, Mohammad and Tagliasacchi, Andrea},
  pages = {612--628},
  booktitle = {ECCV},
  year = {2020}
}

@inproceedings{bspnet,
  author={Chen, Zhiqin and Tagliasacchi, Andrea and Zhang, Hao},
  title={Bsp-net: Generating compact meshes via binary space partitioning},
  booktitle={CVPR},
  pages     = {42--51},
  year={2020}
}

@inproceedings{DBLP:conf/cvpr/WangHcGSWWZ19,
  author    = {Xin Wang and
               Qiuyuan Huang and
               Asli Celikyilmaz and
               Jianfeng Gao and
               Dinghan Shen and
               Yuan{-}Fang Wang and
               William Yang Wang and
               Lei Zhang},
  title     = {Reinforced Cross-Modal Matching and Self-Supervised Imitation Learning for Vision-Language Navigation},
  booktitle = {CVPR},
  pages     = {6629--6638},
  year      = {2019}
}


@inproceedings{DBLP:conf/cvpr/AndersonWTB0S0G18,
  author    = {Peter Anderson and
               Qi Wu and
               Damien Teney and
               Jake Bruce and
               Mark Johnson and
               Niko S{\"{u}}nderhauf and
               Ian D. Reid and
               Stephen Gould and
               Anton van den Hengel},
  title     = {Vision-and-Language Navigation: Interpreting Visually-Grounded Navigation Instructions in Real Environments},
  booktitle = {CVPR},
  pages     = {3674--3683},
  year      = {2018}
}

@inproceedings{DBLP:conf/ijcai/RossHD17,
  author    = {Andrew Slavin Ross and
               Michael C. Hughes and
               Finale Doshi{-}Velez},
  title     = {Right for the Right Reasons: Training Differentiable Models by Constraining their Explanations},
  booktitle = {IJCAI},
  pages     = {2662--2670},
  year      = {2017}
}

@inproceedings{Rubi,
  author    = {R{\'{e}}mi Cad{\`{e}}ne and
               Corentin Dancette and
               Hedi Ben{-}younes and
               Matthieu Cord and
               Devi Parikh},
  title     = {RUBi: Reducing Unimodal Biases for Visual Question Answering},
  booktitle = {NeurIPS},
  pages     = {839--850},
  year      = {2019}
}

@inproceedings{CSS,
  author    = {Long Chen and
               Xin Yan and
               Jun Xiao and
               Hanwang Zhang and
               Shiliang Pu and
               Yueting Zhuang},
  title     = {Counterfactual Samples Synthesizing for Robust Visual Question Answering},
  booktitle = {CVPR},
  pages     = {10797--10806},
  year      = {2020}
}

@inproceedings{DBLP:conf/emnlp/AgrawalBP16,
  author    = {Aishwarya Agrawal and
               Dhruv Batra and
               Devi Parikh},
  title     = {Analyzing the Behavior of Visual Question Answering Models},
  booktitle = {EMNLP},
  pages     = {1955--1960},
  year      = {2016}
}

@inproceedings{DBLP:conf/cvpr/ZhangGSBP16,
  author    = {Peng Zhang and
               Yash Goyal and
               Douglas Summers{-}Stay and
               Dhruv Batra and
               Devi Parikh},
  title     = {Yin and Yang: Balancing and Answering Binary Visual Questions},
  booktitle = {CVPR},
  pages     = {5014--5022},
  year      = {2016}
}

@book{reason:Pearl09a,
  author = {Pearl, Judea},
  edition = {2nd},
  publisher = {Cambridge University Press},
  title = {Causality: Models, Reasoning and Inference},
  year = {2009}
}

@article{DBLP:journals/corr/abs-2002-11894,
  author    = {Damien Teney and
               Ehsan Abbasnejad and
               Anton van den Hengel},
  title     = {Unshuffling Data for Improved Generalization},
  journal   = {CoRR},
  volume    = {abs/2002.11894},
  year      = {2020}
  }


@InProceedings{BenYounes_2019_AAAI,
  author    = {Hedi Ben{-}younes and
               R{\'{e}}mi Cad{\`{e}}ne and
               Nicolas Thome and
               Matthieu Cord},
  title     = {{BLOCK:} Bilinear Superdiagonal Fusion for Visual Question Answering and Visual Relationship Detection},
  booktitle = {AAAI},
  pages     = {8102--8109},
  year      = {2019}
}

@inproceedings{DBLP:conf/icml/ChangZYJ20,
  author    = {Shiyu Chang and
               Yang Zhang and
               Mo Yu and
               Tommi S. Jaakkola},
  title     = {Invariant Rationalization},
  booktitle = {ICML},
  pages     = {1448--1458},
  year      = {2020}
}

@inproceedings{DBLP:conf/cvpr/XiaoSYC21,
  author    = {Junbin Xiao and
               Xindi Shang and
               Angela Yao and
               Tat{-}Seng Chua},
  title     = {NExT-QA: Next Phase of Question-Answering to Explaining Temporal Actions},
  booktitle = {CVPR},
  pages     = {9777--9786},
  year      = {2021}
}


@inproceedings{DBLP:conf/icml/KumarIOIBGZPS16,
  author    = {Ankit Kumar and
               Ozan Irsoy and
               Peter Ondruska and
               Mohit Iyyer and
               James Bradbury and
               Ishaan Gulrajani and
               Victor Zhong and
               Romain Paulus and
               Richard Socher},
  title     = {Ask Me Anything: Dynamic Memory Networks for Natural Language Processing},
  booktitle = {ICML},
  pages     = {1378--1387},
  year      = {2016},
}

@inproceedings{DBLP:conf/iclr/JangGP17,
  author    = {Eric Jang and
               Shixiang Gu and
               Ben Poole},
  title     = {Categorical Reparameterization with Gumbel-Softmax},
  booktitle = {ICLR},
  year      = {2017}
}

@inproceedings{DBLP:conf/aaai/TianKP06,
  author    = {Jin Tian and
               Changsung Kang and
               Judea Pearl},
  title     = {A Characterization of Interventional Distributions in Semi-Markovian Causal Models},
  booktitle = {AAAI},
  pages     = {1239--1244},
  year      = {2006}
}

@article{DBLP:journals/corr/abs-1811-05013,
  author    = {Ankesh Anand and
               Eugene Belilovsky and
               Kyle Kastner and
               Hugo Larochelle and
               Aaron C. Courville},
  title     = {Blindfold Baselines for Embodied {QA}},
  journal   = {CoRR},
  year      = {2018}
}

@inproceedings{DBLP:conf/naacl/ThomasonGB19,
  author    = {Jesse Thomason and
               Daniel Gordon and
               Yonatan Bisk},
  title     = {Shifting the Baseline: Single Modality Performance on Visual Navigation {\&} {QA}},
  booktitle = {NAACL},
  pages     = {1977--1983},
  year      = {2019}
}

@inproceedings{DBLP:conf/emnlp/RohrbachHBDS18,
  author    = {Anna Rohrbach and
               Lisa Anne Hendricks and
               Kaylee Burns and
               Trevor Darrell and
               Kate Saenko},
  title     = {Object Hallucination in Image Captioning},
  booktitle = {EMNLP},
  pages     = {4035--4045},
  year      = {2018}
}

@inproceedings{DBLP:conf/naacl/ChaoHS18,
  author    = {Wei{-}Lun Chao and
               Hexiang Hu and
               Fei Sha},
  title     = {Being Negative but Constructively: Lessons Learnt from Creating Better Visual Question Answering Datasets},
  booktitle = {NAACL},
  pages     = {431--441},
  year      = {2018}
}

@inproceedings{DBLP:conf/cvpr/TorralbaE11,
  author    = {Antonio Torralba and
               Alexei A. Efros},
  title     = {Unbiased look at dataset bias},
  booktitle = {CVPR},
  pages     = {1521--1528},
  publisher = {{IEEE} Computer Society},
  year      = {2011}
}

@article{DBLP:journals/corr/abs-2006-07544,
  author    = {Chuanlong Xie and
               Fei Chen and
               Yue Liu and
               Zhenguo Li},
  title     = {Risk Variance Penalization: From Distributional Robustness to Causality},
  journal   = {CoRR},
  volume    = {abs/2006.07544},
  year      = {2020}
}

@inproceedings{DBLP:conf/icml/CreagerJZ21,
  author    = {Elliot Creager and
               J{\"{o}}rn{-}Henrik Jacobsen and
               Richard S. Zemel},
  title     = {Environment Inference for Invariant Learning},
  booktitle = {ICML},
  pages     = {2189--2200},
  year      = {2021}
}


@article{10.1162/neco.1997.9.8.1735,
    author = {Hochreiter, Sepp and Schmidhuber, Jürgen},
    title = "{Long Short-Term Memory}",
    journal = {Neural Computation},
    pages = {1735-1780},
    year = {1997}
}


@inproceedings{xiao2020visual,
  title={Visual relation grounding in videos},
  author={Xiao, Junbin and Shang, Xindi and Yang, Xun and Tang, Sheng and Chua, Tat-Seng},
  booktitle={European Conference on Computer Vision},
  pages={447--464},
  year={2020}
}

@inproceedings{DBLP:conf/mm/PengYBW21,
  author    = {Liang Peng and
               Shuangji Yang and
               Yi Bin and
               Guoqing Wang},

  title     = {Progressive Graph Attention Network for Video Question Answering},
  booktitle = {ACM MM}, 
  pages     = {2871--2879},
  year      = {2021},
}


@article{pearl2009causal,
  title={Causal inference in statistics: An overview},
  author={Pearl, Judea},
  journal={Statistics surveys},
  pages={96--146},
  year={2009}
}


% new added -------------------------
@article{DBLP:journals/corr/abs-2111-00899,
  author    = {Rumen Dangovski and
               Li Jing and
               Charlotte Loh and
               Seungwook Han and
               Akash Srivastava and
               Brian Cheung and
               Pulkit Agrawal and
               Marin Soljacic},
  title     = {Equivariant Contrastive Learning},
  journal   = {CoRR},
  volume    = {abs/2111.00899},
  year      = {2021}
}

@inproceedings{DBLP:conf/iclr/SaxeBDAKTC18,
  author    = {Andrew M. Saxe and
               Yamini Bansal and
               Joel Dapello and
               Madhu Advani and
               Artemy Kolchinsky and
               Brendan D. Tracey and
               David D. Cox},
  title     = {On the Information Bottleneck Theory of Deep Learning},
  booktitle = {ICLR},
  year      = {2018}
}

@inproceedings{DBLP:conf/iccv/ChengSM21,
  author    = {Zezhou Cheng and
               Jong{-}Chyi Su and
               Subhransu Maji},
  title     = {On Equivariant and Invariant Learning of Object Landmark Representations},
  booktitle = {{IEEE}{ICCV}
               2021,},
  pages     = {9877--9886},
  year      = {2021}
}

@inproceedings{DBLP:conf/iclr/ZhangCDL18,
  author    = {Hongyi Zhang and
               Moustapha Ciss{\'{e}} and
               Yann N. Dauphin and
               David Lopez{-}Paz},
  title     = {mixup: Beyond Empirical Risk Minimization},
  booktitle = {ICLR},
  year      = {2018}
}

@inproceedings{DBLP:conf/acl/SeoKPZ20,
  author    = {Ahjeong Seo and
               Gi{-}Cheon Kang and
               Joonhan Park and
               Byoung{-}Tak Zhang},
  title     = {Attend What You Need: Motion-Appearance Synergistic Networks for Video Question Answering},
  booktitle = {ACL},
  pages     = {6167--6177},
  year      = {2021}
}

@inproceedings{DBLP:conf/acl/GuoZJ0L20,
  author    = {Zhicheng Guo and
               Jiaxuan Zhao and
               Licheng Jiao and
               Xu Liu and
               Lingling Li},
  title     = {Multi-Scale Progressive Attention Network for Video Question Answering},
  booktitle = {ACL},
  pages     = {973--978},
  year      = {2021}
}

@inproceedings{DBLP:conf/mm/WangG0W21,
  author    = {Hui Wang and
               Dan Guo and
               Xian{-}Sheng Hua and
               Meng Wang},
  title     = {Pairwise {VLAD} Interaction Network for Video Question Answering},
  booktitle = {ACM MM},
    pages     = {5119--5127},
  year      = {2021}
}

@inproceedings{DBLP:conf/iccv/JenniJ21,
  author    = {Simon Jenni and
               Hailin Jin},
  title     = {Time-Equivariant Contrastive Video Representation Learning},
  booktitle = {ICCV},
  pages     = {9950--9960},
  year      = {2021},
}


@inproceedings{DBLP:conf/iccv/Liu0WL21,
  author    = {Fei Liu and
               Jing Liu and
               Weining Wang and
               Hanqing Lu},
  title     = {{HAIR:} Hierarchical Visual-Semantic Relational Reasoning for Video Question Answering},
  booktitle = {ICCV},
  pages     = {1678--1687},
  year      = {2021},
}


@inproceedings{niu2020counterfactual,
  title={Counterfactual VQA: A Cause-Effect Look at Language Bias},
  author={Niu, Yulei and Tang, Kaihua and Zhang, Hanwang and Lu, Zhiwu and Hua, Xian-Sheng and Wen, Ji-Rong},
  booktitle={CVPR},
  pages = {12700--12710},
  year={2021}
}

@article{cadene2019rubi,
  title={RUBi: Reducing Unimodal Biases for Visual Question Answering},
  author={Cadene, Remi and Dancette, Corentin and Cord, Matthieu and Parikh, Devi and others},
  journal={NeurIPS},
  pages={841--852},
  year={2019}
}

@article{DBLP:journals/corr/abs-1807-03748,
  author    = {A{\"{a}}ron van den Oord and
               Yazhe Li and
               Oriol Vinyals},
  title     = {Representation Learning with Contrastive Predictive Coding},
  journal   = {CoRR},
  volume    = {abs/1807.03748},
  year      = {2018},
}

@inproceedings{he2019moco,
  author    = {Kaiming He and
               Haoqi Fan and
               Yuxin Wu and
               Saining Xie and
               Ross B. Girshick},
  title     = {Momentum Contrast for Unsupervised Visual Representation Learning},
  booktitle = {CVPR},
  pages     = {9726--9735},
  year      = {2020},
}


@inproceedings{monnier2020dticlustering,
  title={Deep Transformation-Invariant Clustering},
  author={Monnier, Tom and Groueix, Thibault and Aubry, Mathieu},
  booktitle={NeurIPS},
  year={2020},
}

@article{shen2020interfacegan,
  title   = {InterFaceGAN: Interpreting the Disentangled Face Representation Learned by GANs},
  author  = {Shen, Yujun and Yang, Ceyuan and Tang, Xiaoou and Zhou, Bolei},
  journal = {TPAMI},
  pages     = {2004--2018},
  year    = {2020}
}

@inproceedings{DBLP:conf/iccv/SelvarajuCDVPB17,
  author    = {Ramprasaath R. Selvaraju and
               Michael Cogswell and
               Abhishek Das and
               Ramakrishna Vedantam and
               Devi Parikh and
               Dhruv Batra},
  title     = {Grad-CAM: Visual Explanations from Deep Networks via Gradient-Based Localization},
  booktitle = {ICCV},
  pages     = {618--626},
  year      = {2017},
}

@inproceedings{DBLP:conf/nips/ChenLTBRS19,
  author    = {Chaofan Chen and
               Oscar Li and
               Daniel Tao and
               Alina Barnett and
               Cynthia Rudin and
               Jonathan Su},
  title     = {This Looks Like That: Deep Learning for Interpretable Image Recognition},
  booktitle = {NeurIPS},
  pages     = {8928--8939},
  year = {2019}
}

@article{DBLP:journals/corr/abs-1806-10574,
  author    = {Chaofan Chen and
               Oscar Li and
               Alina Barnett and
               Jonathan Su and
               Cynthia Rudin},
  title     = {This looks like that: deep learning for interpretable image recognition},
  journal   = {CoRR},
  pages = {8928--8939},
  year      = {2018},
}


@inproceedings{DBLP:conf/icml/RadfordKHRGASAM21,
  author    = {Alec Radford and
               Jong Wook Kim and
               Chris Hallacy and
               Aditya Ramesh and
               Gabriel Goh and
               Sandhini Agarwal and
               Girish Sastry and
               Amanda Askell and
               Pamela Mishkin and
               Jack Clark and
               Gretchen Krueger and
               Ilya Sutskever},
  title     = {Learning Transferable Visual Models From Natural Language Supervision},
  booktitle = {ICML},
  pages     = {8748--8763},
  year      = {2021},
}


@inproceedings{DBLP:conf/ijcai/LaugelLMRD19,
  author    = {Thibault Laugel and
               Marie{-}Jeanne Lesot and
               Christophe Marsala and
               Xavier Renard and
               Marcin Detyniecki},
  title     = {The Dangers of Post-hoc Interpretability: Unjustified Counterfactual Explanations},
  booktitle = {IJCAI},
  pages     = {2801--2807},
  year      = {2019}
}

@article{DBLP:journals/natmi/Rudin19,
  author    = {Cynthia Rudin},
  title     = {Stop explaining black box machine learning models for high stakes decisions and use interpretable models instead},
  journal   = {Nature Machine Intelligence},
  pages     = {206--215},
  year      = {2019}
}

@inproceedings{LIME,
  author    = {Marco T{\'{u}}lio Ribeiro and
               Sameer Singh and
               Carlos Guestrin},
  title     = {"Why Should {I} Trust You?": Explaining the Predictions of Any Classifier},
  booktitle = {KDD},
  pages     = {1135--1144},
  year      = {2016}
}

@inproceedings{DBLP:conf/cvpr/YangZQ021,
  author    = {Xu Yang and
               Hanwang Zhang and
               Guojun Qi and
               Jianfei Cai},
  title     = {Causal Attention for Vision-Language Tasks},
  booktitle = {CVPR},
  pages     = {9847--9857},
  year      = {2021}
}

@inproceedings{DBLP:conf/iccv/WangZSZ21,
  author    = {Tan Wang and
               Chang Zhou and
               Qianru Sun and
               Hanwang Zhang},
  title     = {Causal Attention for Unbiased Visual Recognition},
  booktitle = {ICCV},
  pages     = {3071--3080},
  year      = {2021}
}



@inproceedings{slack2020fooling,
  title={Fooling lime and shap: Adversarial attacks on post hoc explanation methods},
  author={Slack, Dylan and Hilgard, Sophie and Jia, Emily and Singh, Sameer and Lakkaraju, Himabindu},
  booktitle={AIES},
  pages={180--186},
  year={2020}
}

@inproceedings{heo2019fooling,
  author    = {Juyeon Heo and
               Sunghwan Joo and
               Taesup Moon},
  title     = {Fooling Neural Network Interpretations via Adversarial Model Manipulation},
  booktitle = {NeurIPS},
  pages     = {2921--2932},
  year      = {2019},
}


@inproceedings{ghorbani2019interpretation,
  title={Interpretation of neural networks is fragile},
  author={Ghorbani, Amirata and Abid, Abubakar and Zou, James},
  booktitle={AAAI},
  pages={3681--3688},
  year={2019}
}

@inproceedings{DBLP:conf/mmm/HuangTHTJ11,
  author    = {Shih{-}Shinh Huang and
               Hsin{-}Ming Tsai and
               Pei{-}Yung Hsiao and
               Meng{-}Qui Tu and
               Er{-}Liang Jian},
  title     = {Combining Histograms of Oriented Gradients with Global Feature for Human Detection},
  booktitle = {MMM},
  pages     = {208--218},
  year      = {2011}
}


@inproceedings{
    wu2022dir,
    title={Discovering Invariant Rationales for Graph Neural Networks},
    author={Ying-Xin Wu and Xiang Wang and An Zhang and Xiangnan He and Tat-seng Chua},
    booktitle={ICLR},
    pages = {18446--18458},
    year={2022},
}

%%%%
@InProceedings{Li_2022_CVPR,
    author    = {Li, Yicong and Wang, Xiang and Xiao, Junbin and Ji, Wei and Chua, Tat-Seng},
    title     = {Invariant Grounding for Video Question Answering},
    booktitle = {CVPR},
    pages     = {2928-2937},
    year      = {2022}
}

@inproceedings{xiao2021video,
  title={Video as Conditional Graph Hierarchy for Multi-Granular Question Answering},
  author={Xiao, Junbin and Yao, Angela and Liu, Zhiyuan and Li, Yicong and Ji, Wei and Chua, Tat-Seng},
  booktitle={AAAI},
  pages={2804-2812},
  year={2022}
}

@inproceedings{li2021interventional,
  title={Interventional video relation detection},
  author={Li, Yicong and Yang, Xun and Shang, Xindi and Chua, Tat-Seng},
  booktitle={ACM MM},
  pages={4091--4099},
  year={2021}
}

@article{zhong2022video,
  title={Video Question Answering: Datasets, Algorithms and Challenges},
  author={Zhong, Yaoyao and Ji, Wei and Xiao, Junbin and Li, Yicong and Deng, Weihong and Chua, Tat-Seng},
  journal={arXiv preprint arXiv:2203.01225},
  year={2022}
}

@inproceedings{wang2021clicks,
  title={Clicks can be cheating: Counterfactual recommendation for mitigating clickbait issue},
  author={Wang, Wenjie and Feng, Fuli and He, Xiangnan and Zhang, Hanwang and Chua, Tat-Seng},
  booktitle={SIGIR},
  pages={1288--1297},
  year={2021}
}

@inproceedings{wang2022causal,
  title={Causal Representation Learning for Out-of-Distribution Recommendation},
  author={Wang, Wenjie and Lin, Xinyu and Feng, Fuli and He, Xiangnan and Lin, Min and Chua, Tat-Seng},
  booktitle={WWW},
  pages={3562--3571},
  year={2022}
}