@inproceedings{origdvec_variani2014deep,
  title={Deep neural networks for small footprint text-dependent speaker verification},
  author={Variani, Ehsan and Lei, Xin and McDermott, Erik and Moreno, Ignacio Lopez and Gonzalez-Dominguez, Javier},
  booktitle={2014 IEEE International Conference on Acoustics, Speech and Signal Processing (ICASSP)},
  pages={4052--4056},
  year={2014},
  organization={IEEE}
}


#####################################################################
####################  IEEE JOURNAL CITATIONS  #######################
#####################################################################
@article{Han2008Strategiestoimprovethe,
 author = {Han, Kyu Jeong and Kim, Samuel and Narayanan, Shrikanth S.},
 bib2html_rescat = {},
 doi = {https://doi.org/10.1109/tasl.2008.2002085},
 journal = {IEEE Transactions on Audio, Speech, and Language Processing},
 link = {http://sail.usc.edu/publications/files/HanTASLP2008.pdf},
 month = {nov},
 number = {8},
 pages = {1590-1601},
 title = {Strategies to improve the robustness of agglomerative hierarchical clustering under data source variation for speaker diarization},
 volume = {16},
 year = {2008}
}

@article{Lee1999Acousticsofchildrensspeech:,
 author = {Lee, Sungbok and Potamianos, Alexandros and Narayanan, Shrikanth S.},
 bib2html_rescat = {care},
 doi = {10.1121/1.426686},
 journal = {Journal of the Acoustical Society of America},
 link = {http://sail.usc.edu/publications/files/LeeJASA1999.pdf},
 month = {mar},
 note = {Selected Research Article},
 number = {3},
 pages = {1455-1468},
 title = {Acoustics of children's speech: Developmental changes of temporal and spectral parameters},
 volume = {105},
 year = {1999}
}

@ARTICLE{anguera_DiarOverview2012,
author={X. {Anguera} and S. {Bozonnet} and N. {Evans} and C. {Fredouille} and G. {Friedland} and O. {Vinyals}},
journal={IEEE Transactions on Audio, Speech, and Language Processing},
title={Speaker Diarization: A Review of Recent Research},
year={2012},
volume={20},
number={2},
pages={356-370},}

@ARTICLE{campbell_speakerRecogTutorial1997,
  author={J. P. {Campbell}},
  journal={Proceedings of the IEEE}, 
  title={Speaker recognition: a tutorial}, 
  year={1997},
  volume={85},
  number={9},
  pages={1437-1462},
}

@article{anguera2007acoustic,
  title={Acoustic beamforming for speaker diarization of meetings},
  author={Anguera, Xavier and Wooters, Chuck and Hernando, Javier},
  journal={IEEE Transactions on Audio, Speech, and Language Processing},
  volume={15},
  number={7},
  pages={2011--2022},
  year={2007},
  publisher={IEEE}
}

@ARTICLE{rahulamathavan_bioMetrics2019,
  author={Y. {Rahulamathavan} and K. R. {Sutharsini} and I. G. {Ray} and R. {Lu} and M. {Rajarajan}},
  journal={IEEE/ACM Transactions on Audio, Speech, and Language Processing}, 
  title={Privacy-Preserving iVector-Based Speaker Verification}, 
  year={2019},
  volume={27},
  number={3},
  pages={496-506},}  
  
@ARTICLE{dehak_ivectors2011,
  author={N. {Dehak} and P. J. {Kenny} and R. {Dehak} and P. {Dumouchel} and P. {Ouellet}},
  journal={IEEE Transactions on Audio, Speech, and Language Processing}, 
  title={Front-End Factor Analysis for Speaker Verification}, 
  year={2011},
  volume={19},
  number={4},
  pages={788-798},}  
  
@ARTICLE{zhang_triplet2018,
  author={C. {Zhang} and K. {Koishida} and J. H. L. {Hansen}},
  journal={IEEE/ACM Transactions on Audio, Speech, and Language Processing}, 
  title={Text-Independent Speaker Verification Based on Triplet Convolutional Neural Network Embeddings}, 
  year={2018},
  volume={26},
  number={9},
  pages={1633-1644},}  
  
@ARTICLE{mensink2013,
  author={T. {Mensink} and J. {Verbeek} and F. {Perronnin} and G. {Csurka}},
  journal={IEEE Transactions on Pattern Analysis and Machine Intelligence}, 
  title={Distance-Based Image Classification: Generalizing to New Classes at Near-Zero Cost}, 
  year={2013},
  volume={35},
  number={11},
  pages={2624-2637},}  
  
@ARTICLE{park_SC2020,
  author={T. J. {Park} and K. J. {Han} and M. {Kumar} and S. {Narayanan}},
  journal={IEEE Signal Processing Letters}, 
  title={Auto-Tuning Spectral Clustering for Speaker Diarization Using Normalized Maximum Eigengap}, 
  year={2020},
  volume={27},
  number={},
  pages={381-385},}  
  
#####################################################################
##################    INTERSPEECH CITATIONS    ######################
#####################################################################

@inproceedings{lee2011joint,
  title={Joint application of speech and speaker recognition for automation and security in smart home},
  author={Lee, Kong Aik and Larcher, Anthony and Thai, Helen and Ma, Bin and Li, Haizhou},
  booktitle={Twelfth Annual Conference of the International Speech Communication Association},
  pages={3317=3318},
  year={2011}
}

@inproceedings{Hansen_fearlessSteps2018,
  author={John H.L. Hansen and Abhijeet Sangwan and Aditya Joglekar and Ahmet E. Bulut and Lakshmish Kaushik and Chengzhu Yu},
  title={Fearless Steps: Apollo-11 Corpus Advancements for Speech Technologies from Earth to the Moon},
  year=2018,
  booktitle={Proc. Interspeech 2018},
  pages={2758--2762},
  doi={10.21437/Interspeech.2018-1942},
  url={http://dx.doi.org/10.21437/Interspeech.2018-1942}
}


@inproceedings{McLaren_SITW2016,
author={Mitchell McLaren and Luciana Ferrer and Diego Castan and Aaron Lawson},
title={The 2016 Speakers in the Wild Speaker Recognition Evaluation},
year=2016,
booktitle={Interspeech 2016},
doi={10.21437/Interspeech.2016-1137},
url={http://dx.doi.org/10.21437/Interspeech.2016-1137},
pages={823--827},
}

@inproceedings{McLaren_SITWCorpus2016,
author={Mitchell McLaren and Luciana Ferrer and Diego Castan and Aaron Lawson},
title={The Speakers in the Wild (SITW) Speaker Recognition Database},
year=2016,
booktitle={Interspeech 2016},
pages={818--822}
}

@inproceedings{snyder_xvec2017,
  author={David Snyder and Daniel Garcia-Romero and Daniel Povey and Sanjeev Khudanpur},
  title={Deep Neural Network Embeddings for Text-Independent Speaker Verification},
  year=2017,
  booktitle={Proc. Interspeech 2017},
  pages={999--1003},
}  

@inproceedings{Fujita2019,
  author={Yusuke Fujita and Naoyuki Kanda and Shota Horiguchi and Kenji Nagamatsu and Shinji Watanabe},
  title={{End-to-End Neural Speaker Diarization with Permutation-Free Objectives}},
  year=2019,
  booktitle={Proc. Interspeech 2019},
  pages={4300--4304},
  doi={10.21437/Interspeech.2019-2899},
  url={http://dx.doi.org/10.21437/Interspeech.2019-2899}
}

@inproceedings{Sell2018_dihard,
  author={Gregory Sell and David Snyder and Alan McCree and Daniel Garcia-Romero and Jesús Villalba and Matthew Maciejewski and Vimal Manohar and Najim Dehak and Daniel Povey and Shinji Watanabe and Sanjeev Khudanpur},
  title={Diarization is Hard: Some Experiences and Lessons Learned for the JHU Team in the Inaugural DIHARD Challenge},
  year=2018,
  booktitle={Proc. Interspeech 2018},
  pages={2808--2812},
  doi={10.21437/Interspeech.2018-1893},
  url={http://dx.doi.org/10.21437/Interspeech.2018-1893}
}

@inproceedings{Xie2019,
  author={Jiamin Xie and Leibny Paola García-Perera and Daniel Povey and Sanjeev Khudanpur},
  title={{Multi-PLDA Diarization on Children’s Speech}},
  year=2019,
  booktitle={Proc. Interspeech 2019},
  pages={376--380},
  doi={10.21437/Interspeech.2019-2961},
  url={http://dx.doi.org/10.21437/Interspeech.2019-2961}
}

#####################################################################
#####################  ICASSP CITATIONS ############################ 
#####################################################################


@INPROCEEDINGS{pal_clusterGAN2020,
  author={M. {Pal} and M. {Kumar} and R. {Peri} and T. J. {Park} and S. {Hyun Kim} and C. {Lord} and S. {Bishop} and S. {Narayanan}},
  booktitle={ICASSP 2020 - 2020 IEEE International Conference on Acoustics, Speech and Signal Processing (ICASSP)}, 
  title={Speaker Diarization Using Latent Space Clustering in Generative Adversarial Network}, 
  year={2020},
  volume={},
  number={},
  pages={6504-6508},}
  
@INPROCEEDINGS{campbell_SVMGMM2006,
  author={W. M. {Campbell} and D. E. {Sturim} and D. A. {Reynolds} and A. {Solomonoff}},
  booktitle={2006 IEEE International Conference on Acoustics Speech and Signal Processing Proceedings}, 
  title={SVM Based Speaker Verification using a GMM Supervector Kernel and NAP Variability Compensation}, 
  year={2006},
  volume={1},
  number={},
  pages={I-I},}  
  
@inproceedings{snyder_xvec2018,
  title={X-vectors: Robust dnn embeddings for speaker recognition},
  author={Snyder, David and Garcia-Romero, Daniel and Sell, Gregory and Povey, Daniel and Khudanpur, Sanjeev},
  booktitle={2018 IEEE International Conference on Acoustics, Speech and Signal Processing (ICASSP)},
  pages={5329--5333},
  year={2018},
  organization={IEEE}
}  

@INPROCEEDINGS{bredin_tristounet2017,
  author={H. {Bredin}},
  booktitle={2017 IEEE International Conference on Acoustics, Speech and Signal Processing (ICASSP)}, 
  title={TristouNet: Triplet loss for speaker turn embedding}, 
  year={2017},
  volume={},
  number={},
  pages={5430-5434},}
  
@INPROCEEDINGS{ko_protonets2020,
  author={T. {Ko} and Y. {Chen} and Q. {Li}},
  booktitle={ICASSP 2020 - 2020 IEEE International Conference on Acoustics, Speech and Signal Processing (ICASSP)}, 
  title={Prototypical Networks for Small Footprint Text-Independent Speaker Verification}, 
  year={2020},
  pages={6804-6808},}
  
@INPROCEEDINGS{wang_centroid2019,
  author={J. {Wang} and K. {Wang} and M. T. {Law} and F. {Rudzicz} and M. {Brudno}},
  booktitle={ICASSP 2019 - 2019 IEEE International Conference on Acoustics, Speech and Signal Processing (ICASSP)}, 
  title={Centroid-based Deep Metric Learning for Speaker Recognition}, 
  year={2019},
  volume={},
  number={},
  pages={3652-3656},}

@INPROCEEDINGS{koluguri2020,
  author={N. R. {Koluguri} and M. {Kumar} and S. H. {Kim} and C. {Lord} and S. {Narayanan}},
  booktitle={ICASSP 2020 - 2020 IEEE International Conference on Acoustics, Speech and Signal Processing (ICASSP)}, 
  title={Meta-Learning for Robust Child-Adult Classification from Speech}, 
  year={2020},
  volume={},
  number={},
  pages={8094-8098},}  


@INPROCEEDINGS{garciaRomero2017,
  author={D. {Garcia-Romero} and D. {Snyder} and G. {Sell} and D. {Povey} and A. {McCree}},
  booktitle={2017 IEEE International Conference on Acoustics, Speech and Signal Processing (ICASSP)}, 
  title={Speaker diarization using deep neural network embeddings}, 
  year={2017},
  volume={},
  number={},
  pages={4930-4934},}

@INPROCEEDINGS{panayotov_librispeech2015,
  author={V. {Panayotov} and G. {Chen} and D. {Povey} and S. {Khudanpur}},
  booktitle={2015 IEEE International Conference on Acoustics, Speech and Signal Processing (ICASSP)}, 
  title={Librispeech: An ASR corpus based on public domain audio books}, 
  year={2015},
  volume={},
  number={},
  pages={5206-5210},}

@INPROCEEDINGS{sun_2019,
  author={G. {Sun} and C. {Zhang} and P. C. {Woodland}},
  booktitle={ICASSP 2019 - 2019 IEEE International Conference on Acoustics, Speech and Signal Processing (ICASSP)}, 
  title={Speaker Diarisation Using 2D Self-attentive Combination of Embeddings}, 
  year={2019},
  volume={},
  number={},
  pages={5801-5805},}
  
  
@INPROCEEDINGS{moni_clusterGAN,
  author={M. {Pal} and M. {Kumar} and R. {Peri} and T. J. {Park} and S. {Hyun Kim} and C. {Lord} and S. {Bishop} and S. {Narayanan}},
  booktitle={ICASSP 2020 - 2020 IEEE International Conference on Acoustics, Speech and Signal Processing (ICASSP)}, 
  title={Speaker Diarization Using Latent Space Clustering in Generative Adversarial Network}, 
  year={2020},
  volume={},
  number={},
  pages={6504-6508},}
  
@INPROCEEDINGS{hershey_dpcl2016,
  author={J. R. {Hershey} and Z. {Chen} and J. {Le Roux} and S. {Watanabe}},
  booktitle={2016 IEEE International Conference on Acoustics, Speech and Signal Processing (ICASSP)}, 
  title={Deep clustering: Discriminative embeddings for segmentation and separation}, 
  year={2016},
  pages={31-35},}
    

#####################################################################
####################   OTHER CONFERENCES   ##########################
#####################################################################

@INPROCEEDINGS{scheffer_bioMetrics2013,
  author={N. {Scheffer} and L. {Ferrer} and A. {Lawson} and Y. {Lei} and M. {McLaren}},
  booktitle={2013 IEEE International Conference on Technologies for Homeland Security (HST)}, 
  title={Recent developments in voice biometrics: Robustness and high accuracy}, 
  year={2013},
  volume={},
  number={},
  pages={447-452},}
  
@InProceedings{vanLeeuwen_meeting2006,
author="van Leeuwen, David A. and Huijbregts, Marijn",
title="The AMI Speaker Diarization System for NIST RT06s Meeting Data",
booktitle="Machine Learning for Multimodal Interaction",
year="2006",
pages="371--384",
}
  
  
@article{xiao2016technology,
  title={A technology prototype system for rating therapist empathy from audio recordings in addiction counseling},
  author={Xiao, Bo and Huang, Chewei and Imel, Zac E and Atkins, David C and Georgiou, Panayiotis and Narayanan, Shrikanth S},
  journal={PeerJ Computer Science},
  volume={2},
  pages={e59},
  year={2016},
  publisher={PeerJ Inc.}
}

@misc{ryant2018first,
  title={First dihard challenge evaluation plan},
  author={Ryant, N and Church, K and Cieri, C and Cristia, A and Du, J and Ganapathy, S and Liberman, M},
  year={2018},
  publisher={Tech. Rep., 2018.[Online]. Available: https://zenodo. org/record/1199638}
}

@misc{richey2018voices,
    title={Voices Obscured in Complex Environmental Settings (VOICES) corpus},
    author={Colleen Richey and Maria A. Barrios and Zeb Armstrong and Chris Bartels and Horacio Franco and Martin Graciarena and Aaron Lawson and Mahesh Kumar Nandwana and Allen Stauffer and Julien van Hout and Paul Gamble and Jeff Hetherly and Cory Stephenson and Karl Ni},
    year={2018},
    eprint={1804.05053},
    archivePrefix={arXiv},
}

@article{reynolds2000speaker,
  title={Speaker verification using adapted Gaussian mixture models},
  author={Reynolds, Douglas A and Quatieri, Thomas F and Dunn, Robert B},
  journal={Digital signal processing},
  volume={10},
  number={1-3},
  pages={19--41},
  year={2000},
  publisher={Elsevier}
}


@misc{chung2018Voxceleb2,
    title={VoxCeleb2: Deep Speaker Recognition},
    author={Joon Son Chung and Arsha Nagrani and Andrew Zisserman},
    year={2018},
    eprint={1806.05622},
    archivePrefix={arXiv},
}

@misc{horiguchi2020endtoend,
    title={End-to-End Speaker Diarization for an Unknown Number of Speakers with Encoder-Decoder Based Attractors},
    author={Shota Horiguchi and Yusuke Fujita and Shinji Watanabe and Yawen Xue and Kenji Nagamatsu},
    year={2020},
    eprint={2005.09921},
    archivePrefix={arXiv},
}

@misc{fujita2020endtoend,
    title={End-to-End Neural Diarization: Reformulating Speaker Diarization as Simple Multi-label Classification},
    author={Yusuke Fujita and Shinji Watanabe and Shota Horiguchi and Yawen Xue and Kenji Nagamatsu},
    year={2020},
    eprint={2003.02966},
    archivePrefix={arXiv},
}


@phdthesis{Schmidhuber_thesis,
    title    = {Evolutionary principles in self-referential learning},
    school   = {Technische Universitat M{\"u}nchen},
    author   = {Schmidhub{\"e}r, J{\"u}rgen},
    year     = {1987},
}

@inproceedings{ravi2017,
  author    = {Sachin Ravi and Hugo Larochelle},
  title     = {Optimization as a Model for Few-Shot Learning},
  booktitle = {5th International Conference on Learning Representations, {ICLR} 2017, Toulon, France, April 24-26, 2017, Conference Track Proceedings},
  year      = {2017}
}

@inproceedings{finn_maml2017,
  author    = {Chelsea Finn and Pieter Abbeel and Sergey Levine},
  title     = {Model-Agnostic Meta-Learning for Fast Adaptation of Deep Networks},
  booktitle = {Proceedings of the 34th International Conference on Machine Learning, {ICML} 2017, Sydney, NSW, Australia, 6-11 August 2017},
  series    = {Proceedings of Machine Learning Research},
  volume    = {70},
  pages     = {1126--1135},
  publisher = {{PMLR}},
  year      = {2017},
}

@inproceedings{Andrychowicz_2016,
author = {Andrychowicz, Marcin and Denil, Misha and Colmenarejo, Sergio G\'{o}mez and Hoffman, Matthew W. and Pfau, David and Schaul, Tom and Shillingford, Brendan and de Freitas, Nando},
title = {Learning to Learn by Gradient Descent by Gradient Descent},
year = {2016},
booktitle = {Proceedings of the 30th International Conference on Neural Information Processing Systems},
pages = {3988–3996},
}
  

@ARTICLE{yao_evolve1999,
  author={Yao, Xin},
  journal={Proceedings of the IEEE}, 
  title={Evolving artificial neural networks}, 
  year={1999},
  volume={87},
  number={9},
  pages={1423-1447},}
  
  
@article{ABRAHAM20041,
title = "Meta learning evolutionary artificial neural networks",
journal = "Neurocomputing",
volume = "56",
pages = "1 - 38",
year = "2004",
author = "Ajith Abraham",
}  

@INPROCEEDINGS{naik_metaNN1992,
  author={D. K. {Naik} and R. J. {Mammone}},
  booktitle={[Proceedings 1992] IJCNN International Joint Conference on Neural Networks}, 
  title={Meta-neural networks that learn by learning}, 
  year={1992},
  volume={1},
  pages={437-442},
  }
  
@INPROCEEDINGS{bengio_synaptic1991,
  author={Y. {Bengio} and S. {Bengio} and J. {Cloutier}},
  booktitle={IJCNN-91-Seattle International Joint Conference on Neural Networks}, 
  title={Learning a synaptic learning rule}, 
  year={1991},
  volume={ii},
  number={},
  pages={969 vol.2-},}  
  
@inproceedings{bengio1992optimization,
  title={On the optimization of a synaptic learning rule},
  author={Bengio, Samy and Bengio, Yoshua and Cloutier, Jocelyn and Gecsei, Jan},
  booktitle={Preprints Conf. Optimality in Artificial and Biological Neural Networks},
  volume={2},
  year={1992},
  organization={Univ. of Texas}
}

@inproceedings{snell2017prototypical,
  title={Prototypical networks for few-shot learning},
  author={Snell, Jake and Swersky, Kevin and Zemel, Richard},
  booktitle={Proceedings of the 31st International Conference on Neural Information Processing Systems},
  pages={4080--4090},
  year={2017}
}


@inproceedings{yu2018diverse,
  title={Diverse Few-Shot Text Classification with Multiple Metrics},
  author={Yu, Mo and Guo, Xiaoxiao and Yi, Jinfeng and Chang, Shiyu and Potdar, Saloni and Cheng, Yu and Tesauro, Gerald and Wang, Haoyu and Zhou, Bowen},
  booktitle={Proceedings of the 2018 Conference of the North American Chapter of the Association for Computational Linguistics},
  pages={1206--1215},
  year={2018}
}

@inproceedings{GaoH0S19,
  author    = {Tianyu Gao and Xu Han and Zhiyuan Liu and Maosong Sun},
  title     = {Hybrid Attention-Based Prototypical Networks for Noisy Few-Shot Relation Classification},
  booktitle = {The Thirty-Third {AAAI} Conference on Artificial Intelligence, {AAAI}},
  month     = {Jan},
  pages     = {6407--6414},
  year      = {2019},
}

@inproceedings{dou-etal-2019-investigating,
    title = "Investigating Meta-Learning Algorithms for Low-Resource Natural Language Understanding Tasks",
    author = "Dou, Zi-Yi and Yu, Keyi and Anastasopoulos, Antonios",
    booktitle = "Proceedings of the 2019 Conference on Empirical Methods in Natural Language Processing and the 9th International Joint Conference on Natural Language Processing (EMNLP-IJCNLP)",
    month = nov,
    year = "2019",
    address = "Hong Kong, China",
    pages = "1192--1197",
}

@misc{wang2016learning,
    title={Learning to reinforcement learn},
    author={Jane X Wang and Zeb Kurth-Nelson and Dhruva Tirumala and Hubert Soyer and Joel Z Leibo and Remi Munos and Charles Blundell and Dharshan Kumaran and Matt Botvinick},
    year={2016},
    eprint={1611.05763},
    archivePrefix={arXiv},
    primaryClass={cs.LG}
}

@inproceedings{sung2018learning,
  title={Learning to compare: Relation network for few-shot learning},
  author={Sung, Flood and Yang, Yongxin and Zhang, Li and Xiang, Tao and Torr, Philip HS and Hospedales, Timothy M},
  booktitle={Proceedings of the IEEE Conference on Computer Vision and Pattern Recognition},
  pages={1199--1208},
  year={2018}
}

@inproceedings{vinyals2016matching,
  title={Matching networks for one shot learning},
  author={Vinyals, Oriol and Blundell, Charles and Lillicrap, Timothy and Wierstra, Daan and others},
  booktitle={Advances in neural information processing systems},
  pages={3630--3638},
  year={2016}
}

@misc{geng2019induction,
    title={Induction Networks for Few-Shot Text Classification},
    author={Ruiying Geng and Binhua Li and Yongbin Li and Xiaodan Zhu and Ping Jian and Jian Sun},
    year={2019},
    eprint={1902.10482},
    archivePrefix={arXiv},
    primaryClass={cs.CL}
}

@misc{chung2020defence,
    title={In defence of metric learning for speaker recognition},
    author={Joon Son Chung and Jaesung Huh and Seongkyu Mun and Minjae Lee and Hee Soo Heo and Soyeon Choe and Chiheon Ham and Sunghwan Jung and Bong-Jin Lee and Icksang Han},
    year={2020},
    eprint={2003.11982},
    archivePrefix={arXiv},
    primaryClass={eess.AS}
}

@misc{kye2020metalearning,
    title={Meta-Learning for Short Utterance Speaker Recognition with Imbalance Length Pairs},
    author={Seong Min Kye and Youngmoon Jung and Hae Beom Lee and Sung Ju Hwang and Hoirin Kim},
    year={2020},
    eprint={2004.02863},
    archivePrefix={arXiv},
    primaryClass={eess.AS}
}

@misc{an2019shot,
    title={Few Shot Speaker Recognition using Deep Neural Networks},
    author={Prashant Anand and Ajeet Kumar Singh and Siddharth Srivastava and Brejesh Lall},
    year={2019},
    eprint={1904.08775},
    archivePrefix={arXiv},
    primaryClass={eess.AS}
}

@misc{kang2020domaininvariant,
    title={Domain-Invariant Speaker Vector Projection by Model-Agnostic Meta-Learning},
    author={Jiawen Kang and Ruiqi Liu and Lantian Li and Yunqi Cai and Dong Wang and Thomas Fang Zheng},
    year={2020},
    eprint={2005.11900},
    archivePrefix={arXiv},
    primaryClass={eess.AS}
}


@inproceedings{santoro2016meta,
  title={Meta-learning with memory-augmented neural networks},
  author={Santoro, Adam and Bartunov, Sergey and Botvinick, Matthew and Wierstra, Daan and Lillicrap, Timothy},
  booktitle={International conference on machine learning},
  pages={1842--1850},
  year={2016}
}

@article{banerjee2005,
author = {Banerjee, Arindam and Merugu, Srujana and Dhillon, Inderjit S. and Ghosh, Joydeep},
title = {Clustering with Bregman Divergences},
year = {2005},
issue_date = {12/1/2005},
publisher = {JMLR.org},
volume = {6},
issn = {1532-4435},
journal = {J. Mach. Learn. Res.},
month = dec,
pages = {1705–1749},
numpages = {45}
}
  
@misc{evalplan_2019voices,
    title={The VOiCES from a Distance Challenge 2019 Evaluation Plan},
    author={Mahesh Kumar Nandwana and Julien van Hout and Mitchell McLaren and Colleen Richey and Aaron Lawson and Maria Alejandra Barrios},
    year={2019},
    eprint={1902.10828},
    archivePrefix={arXiv},
    primaryClass={eess.AS}
}

@article{lee2014developmental,
  title={Developmental acoustic study of American English diphthongs},
  author={Lee, Sungbok and Potamianos, Alexandros and Narayanan, Shrikanth},
  journal={The Journal of the Acoustical Society of America},
  volume={136},
  number={4},
  pages={1880--1894},
  year={2014},
  publisher={ASA}
}

@article{Lord2000,
author={Lord, Catherine and Risi, Susan and Lambrecht, Linda and Cook, Edwin H. and Leventhal, Bennett L. and DiLavore, Pamela C. and Pickles, Andrew
and Rutter, Michael},
title={{The Autism Diagnostic Observation Schedule---Generic: A Standard Measure of Social and Communication Deficits Associated with the Spectrum of Autism}},
journal={Journal of Autism and Developmental Disorders},
year="2000",
month="Jun",
day="01",
volume="30",
number="3",
pages="205--223",
}

@misc{snyder2015musan,
    title={MUSAN: A Music, Speech, and Noise Corpus},
    author={David Snyder and Guoguo Chen and Daniel Povey},
    year={2015},
    eprint={1510.08484},
    archivePrefix={arXiv},
    primaryClass={cs.SD}
}

@misc{ryant2019second,
    title={The Second DIHARD Diarization Challenge: Dataset, task, and baselines},
    author={Neville Ryant and Kenneth Church and Christopher Cieri and Alejandrina Cristia and Jun Du and Sriram Ganapathy and Mark Liberman},
    year={2019},
    eprint={1906.07839},
    archivePrefix={arXiv},
    primaryClass={eess.AS}
}

@InProceedings{pmlr-v70-law17a,
  title = 	 {Deep Spectral Clustering Learning},
  author = 	 {Marc T. Law and Raquel Urtasun and Richard S. Zemel},
  booktitle = 	 {Proceedings of the 34th International Conference on Machine Learning},
  pages = 	 {1985--1994},
  year = 	 {2017},
  volume = 	 {70},
}  


@article{XU2020394,
title = "Deep multi-metric learning for text-independent speaker verification",
author = "Jiwei Xu and Xinggang Wang and Bin Feng and Wenyu Liu",
journal = "Neurocomputing",
volume = "410",
pages = "394 - 400",
year = "2020",
}

@INPROCEEDINGS{ren2019,  
author={Z. {Ren} and Z. {Chen} and S. {Xu}},  
booktitle={2019 Asia-Pacific Signal and Information Processing Association Annual Summit and Conference (APSIPA ASC)},   
title={Triplet Based Embedding Distance and Similarity Learning for Text-independent Speaker Verification},   
year={2019},  
pages={558-562},
}

@INPROCEEDINGS{zhou2019dann,
  author={J. {Zhou} and T. {Jiang} and L. {Li} and Q. {Hong} and Z. {Wang} and B. {Xia}},
  booktitle={ICASSP 2019 - 2019 IEEE International Conference on Acoustics, Speech and Signal Processing (ICASSP)}, 
  title={Training Multi-task Adversarial Network for Extracting Noise-robust Speaker Embedding}, 
  year={2019},
  pages={6196-6200},
  }
  
  @INPROCEEDINGS{wang2018dann,
  author={Q. {Wang} and W. {Rao} and S. {Sun} and L. {Xie} and E. S. {Chng} and H. {Li}},
  booktitle={2018 IEEE International Conference on Acoustics, Speech and Signal Processing (ICASSP)}, 
  title={Unsupervised Domain Adaptation via Domain Adversarial Training for Speaker Recognition}, 
  year={2018},
  volume={},
  number={},
  pages={4889-4893},}