@inproceedings{Arora2017,
    author      = "Sanjeev Arora and Yingyu Liang and Tengyu Ma",
    title       = "A Simple but Tough-to-Beat Baseline for Sentence Embeddings",
    booktitle   = "Proceedings of the 5th International Conference on Learning Representations (ICLR)",
    year        = "2017",
}

%%from anthology
@inproceedings{banerjee-lavie-2005-meteor,
    author      = "Banerjee, Satanjeev and Lavie, Alon",
    title       = "{METEOR}: An Automatic Metric for {MT} Evaluation with Improved Correlation with Human Judgments",
    booktitle   = "Proceedings of the {ACL} Workshop on Intrinsic and Extrinsic Evaluation Measures for Machine Translation and/or Summarization",
    year        = "2005",
    pages       = "65--72",
    url         = "https://www.aclweb.org/anthology/W05-0909",
}

%%from anthology
@inproceedings{cho-etal-2014-learning,
    author      = "Cho, Kyunghyun and van Merri{\"e}nboer, Bart and Gulcehre, Caglar and Bahdanau, Dzmitry and Bougares, Fethi and Schwenk, Holger and Bengio, Yoshua",
    title       = "Learning Phrase Representations using {RNN} Encoder{--}Decoder for Statistical Machine Translation",
    booktitle   = "Proceedings of the 2014 Conference on Empirical Methods in Natural Language Processing (EMNLP)",
    year        = "2014",
    pages       = "1724--1734",
    url         = "https://www.aclweb.org/anthology/D14-1179",
    doi         = "10.3115/v1/D14-1179",
}

@article{Fleiss71,
    author      = "Fleiss, Joseph L",
    title       = "Measuring nominal scale agreement among many raters",
    journal     = "Psychological Bulletin",
    volume      = "76",
    number      = "5",
    year        = "1971",
    pages       = "378--382",
}

@inproceedings{forgues2014bootstrapping,
    author      = "Forgues, Gabriel and Pineau, Joelle and Larchev{\^e}que, Jean-Marie and Tremblay, R{\'e}al",
    title       = "Bootstrapping dialog systems with word embeddings",
    booktitle   = "NeurIPS modern machine learning and natural language processing workshop",
    year        = "2014",
}

@inproceedings{gunasekara-etal-2019-dstc7,
    author      = "Gunasekara, Chulaka and Kummerfeld, Jonathan K. and Polymenakos, Lazaros and Lasecki, Walter",
    title       = "{DSTC}7 Task 1: Noetic End-to-End Response Selection",
    booktitle   = "Proceedings of the First Workshop on NLP for Conversational AI",
    year        = "2019",
    pages       = "60--67",
}

@article{lstm,
    author      = "Hochreiter, Sepp and Schmidhuber, J{\"u}rgen",
    title       = "Long Short-Term Memory",
    journal     = "Neural computation",
    volume      = "9",
    number      = "8",
    year        = "1997",
    pages       = "1735--1780",
}

%%from anthology
@inproceedings{li-etal-2017-dailydialog,
    author      = "Li, Yanran and Su, Hui and Shen, Xiaoyu and Li, Wenjie and Cao, Ziqiang and Niu, Shuzi",
    title       = "{D}aily{D}ialog: A Manually Labelled Multi-turn Dialogue Dataset",
    booktitle   = "Proceedings of the Eighth International Joint Conference on Natural Language Processing (IJCNLP)",
    year        = "2017",
    pages       = "986--995",
    url         = "https://www.aclweb.org/anthology/I17-1099",
}

%%from anthology
@inproceedings{lin-2004-rouge,
    author      = "Lin, Chin-Yew",
    title       = "{ROUGE}: A Package for Automatic Evaluation of Summaries",
    booktitle   = "Text Summarization Branches Out",
    year        = "2004",
    pages       = "74--81",
    url         = "https://www.aclweb.org/anthology/W04-1013",
}

%%from anthology
@inproceedings{lison-etal-2018-opensubtitles2018,
    author      = "Lison, Pierre and Tiedemann, J{\"o}rg and Kouylekov, Milen",
    title       = "{O}pen{S}ubtitles2018: Statistical Rescoring of Sentence Alignments in Large, Noisy Parallel Corpora",
    booktitle   = "Proceedings of the Eleventh International Conference on Language Resources and Evaluation (LREC)",
    year        = "2018",
    pages       = "1742–1748",
    url         = "https://www.aclweb.org/anthology/L18-1275",
}

%%from anthology
@inproceedings{liu-etal-2016-evaluate,
    author      = "Liu, Chia-Wei and Lowe, Ryan and Serban, Iulian and Noseworthy, Mike and Charlin, Laurent and Pineau, Joelle",
    title       = "How {NOT} To Evaluate Your Dialogue System: An Empirical Study of Unsupervised Evaluation Metrics for Dialogue Response Generation",
    booktitle   = "Proceedings of the 2016 Conference on Empirical Methods in Natural Language Processing (EMNLP)",
    year        = "2016",
    pages       = "2122--2132",
    url         = "https://www.aclweb.org/anthology/D16-1230",
    doi         = "10.18653/v1/D16-1230",
}

%%from anthology
@inproceedings{lowe-etal-2017-towards,
    author      = "Lowe, Ryan and Noseworthy, Michael and Serban, Iulian Vlad and Angelard-Gontier, Nicolas and Bengio, Yoshua and Pineau, Joelle",
    title       = "Towards an Automatic {T}uring Test: Learning to Evaluate Dialogue Responses",
    booktitle   = "Proceedings of the 55th Annual Meeting of the Association for Computational Linguistics (ACL)",
    year        = "2017",
    pages       = "1116--1126",
    url         = "https://www.aclweb.org/anthology/P17-1103",
    doi         = "10.18653/v1/P17-1103",
}

%%from anthology
@inproceedings{lowe-etal-2015-ubuntu,
    author      = "Lowe, Ryan and Pow, Nissan and Serban, Iulian and Pineau, Joelle",
    title       = "The {U}buntu Dialogue Corpus: A Large Dataset for Research in Unstructured Multi-Turn Dialogue Systems",
    booktitle   = "Proceedings of the 16th Annual Meeting of the Special Interest Group on Discourse and Dialogue (SIGDIAL)",
    year        = "2015",
    pages       = "285--294",
    url         = "https://www.aclweb.org/anthology/W15-4640",
    doi         = "10.18653/v1/W15-4640",
}

%%from anthology
@inproceedings{papineni-etal-2002-bleu,
    title       = "{B}leu: a Method for Automatic Evaluation of Machine Translation",
    author      = "Papineni, Kishore and Roukos, Salim and Ward, Todd and Zhu, Wei-Jing",
    booktitle   = "Proceedings of the 40th Annual Meeting of the Association for Computational Linguistics (ACL)",
    year        = "2002",
    pages       = "311--318",
    url         = "https://www.aclweb.org/anthology/P02-1040",
    doi         = "10.3115/1073083.1073135",
}

%%from anthology
@inproceedings{peters-etal-2018-deep,
    author      = "Peters, Matthew and Neumann, Mark and Iyyer, Mohit and Gardner, Matt and Clark, Christopher and Lee, Kenton and Zettlemoyer, Luke",
    title       = "Deep Contextualized Word Representations",
    booktitle   = "Proceedings of the 2018 Conference of the North {A}merican Chapter of the Association for Computational Linguistics: Human Language Technologies (NAACL-HLT)",
    year        = "2018",
    pages       = "2227--2237",
    url         = "https://www.aclweb.org/anthology/N18-1202",
    doi         = "10.18653/v1/N18-1202",
}

%%from anthology
@inproceedings{rus-lintean-2012-comparison,
    author      = "Rus, Vasile and Lintean, Mihai",
    title       = "A Comparison of Greedy and Optimal Assessment of Natural Language Student Input Using Word-to-Word Similarity Metrics",
    booktitle   = "Proceedings of the Seventh Workshop on Building Educational Applications Using {NLP}",
    year        = "2012",
    pages       = "157--162",
    url         = "https://www.aclweb.org/anthology/W12-2018",
}

@inproceedings{Sai2019ReevaluatingAA,
    author      = "Ananya Sai and Mithun Das Gupta and Mitesh M. Khapra and Mukundhan Srinivasan",
    title       = "Re-evaluating ADEM: A Deeper Look at Scoring Dialogue Responses",
    booktitle   = "Proceedings of the Thirty-Third AAAI Conference on Artificial Intelligence",
    year        = "2019",
    pages       = "6220–6227",
}

@incollection{transformer,
    author      = "Vaswani, Ashish and Shazeer, Noam and Parmar, Niki and Uszkoreit, Jakob and Jones, Llion and Gomez, Aidan N and Kaiser, \L ukasz and Polosukhin, Illia",
    title       = "Attention is All you Need",
    booktitle   = "Advances in Neural Information Processing Systems 30 (NeurIPS)",
    year        = "2017",
    pages       = "5998--6008",
    url         = "http://papers.nips.cc/paper/7181-attention-is-all-you-need.pdf"
}

%%from anthology
@inproceedings{wu-etal-2017-sequential,
    author      = "Wu, Yu and Wu, Wei and Xing, Chen and Zhou, Ming and Li, Zhoujun",
    title       = "Sequential Matching Network: A New Architecture for Multi-turn Response Selection in Retrieval-Based Chatbots",
    booktitle   = "Proceedings of the 55th Annual Meeting of the Association for Computational Linguistics (ACL)",
    year        = "2017",
    pages       = "496--505",
    url         = "https://www.aclweb.org/anthology/P17-1046",
    doi         = "10.18653/v1/P17-1046",
}

%%from anthology
@inproceedings{zhao-etal-2017-learning,
    author      = "Zhao, Tiancheng and Zhao, Ran and Eskenazi, Maxine",
    title       = "Learning Discourse-level Diversity for Neural Dialog Models using Conditional Variational Autoencoders",
    booktitle   = "Proceedings of the 55th Annual Meeting of the Association for Computational Linguistics (ACL)",
    year        = "2017",
    pages       = "654--664",
    url         = "https://www.aclweb.org/anthology/P17-1061",
    doi         = "10.18653/v1/P17-1061",
}



%% xxx
@inproceedings{andrew2007scalable,
  title={Scalable training of {L1}-regularized log-linear models},
  author={Andrew, Galen and Gao, Jianfeng},
  booktitle={Proceedings of the 24th International Conference on Machine Learning},
  pages={33--40},
  year={2007},
}

@article{rasooli-tetrault-2015,
    author    = {Mohammad Sadegh Rasooli and Joel R. Tetreault},
    title     = {Yara Parser: {A} Fast and Accurate Dependency Parser},
    journal   = {Computing Research Repository},
    volume    = {arXiv:1503.06733},
    year      = {2015},
    url       = {http://arxiv.org/abs/1503.06733},
    note    = {version 2}
}

@article{Ando2005,
	Acmid = {1194905},
	Author = {Ando, Rie Kubota and Zhang, Tong},
	Issn = {1532-4435},
	Issue_Date = {12/1/2005},
	Journal = {Journal of Machine Learning Research},
	Month = dec,
	Numpages = {37},
	Pages = {1817--1853},
	Publisher = {JMLR.org},
	Title = {A Framework for Learning Predictive Structures from Multiple Tasks and Unlabeled Data},
	Volume = {6},
	Year = {2005}}

@book{Aho:72,
    author  = {Alfred V. Aho and Jeffrey D. Ullman},
    title   = {The Theory of Parsing, Translation and Compiling},
    year    = "1972",
    volume  = "1",
    publisher = {Prentice-Hall},
    address = {Englewood Cliffs, NJ}
}

@book{APA:83,
    author  = {{American Psychological Association}},
    title   = {Publications Manual},
    year    = "1983",
   publisher = {American Psychological Association},
   address = {Washington, DC}
}

@article{Chandra:81,
	author = {Ashok K. Chandra and Dexter C. Kozen and Larry J. Stockmeyer},
	year = "1981",
	title = {Alternation},
	journal = {Journal of the Association for Computing Machinery},
	volume = "28",
	number = "1",
	pages = "114--133",
	doi = "10.1145/322234.322243",
}

@book{Gusfield:97,
    author  = {Dan Gusfield},
    title   = {Algorithms on Strings, Trees and Sequences},
    year    = "1997",
    publisher = {Cambridge University Press},
    address = {Cambridge, UK}
}

