@Book{billingsley1995,
  Title                    = {Probability and Measure},
  Author                   = {Patrick Billingsley},
  Publisher                = {John Wiley and Sons},
  Year                     = {1995},
}

@book{cormen2009introduction,
    title={Introduction to Algorithms},
    author={Cormen, Thomas H and Leiserson, Charles E and Rivest, Ronald L and Stein, Clifford},
    year={2009},
    publisher={MIT Press}
}
@article{ho2018dynamic,
	title={Dynamic Data-Driven Estimation of Non-Parametric Choice Models},
	author={Ho-Nguyen, Nam and Kilinc-Karzan, Fatma},
	journal={Available at SSRN 2922419},
	year={2018}
}
@article{Grani,
	title={A comment on ``computational complexity of stochastic programming problems''},
    author={Hanasusanto, Grani A and Kuhn, Daniel and Wiesemann, Wolfram},
    journal={Mathematical Programming},
    volume={159},
    number={1-2},
    pages={557--569},
    year={2016}
} 
@book{wright1997primal,
	title={Primal-{D}ual {I}nterior-{P}oint {M}ethods},
	author={Wright, Stephen J},
	year={1997},
	publisher={SIAM}
}

@article{kantorovich1942transfer,
	title={On the transfer of masses (in {R}ussian)},
	author={Kantorovich, L},
	journal={Doklady Akademii Nauk},
	pages={227--229},
	volume={37},
	number={2},
	year={1942}
}

@inproceedings{daitch2008faster,
	title={Faster approximate lossy generalized flow via interior point algorithms},
	author={Daitch, Samuel I and Spielman, Daniel A},
	booktitle={ACM symposium on Theory of computing},
	pages={451--460},
	year={2008}
}
@article{tenetov2018fast,
	title={Fast Entropic Regularized Optimal Transport Using Semidiscrete Cost Approximation},
	author={Tenetov, Evgeny and Wolansky, Gershon and Kimmel, Ron},
	journal={SIAM Journal on Scientific Computing},
	volume={40},
	number={5},
	pages={A3400--A3422},
	year={2018},
	publisher={SIAM}
}


@inproceedings{nguyen2020distributionally,
  title={Distributionally Robust Local Non-parametric Conditional Estimation},
  author={Nguyen, Viet Anh and Zhang, Fan and Blanchet, Jose and Delage, Erick and Ye, Yinyu},
  booktitle={Advances in Neural Information Processing Systems},
  year={2020}
}

@article{nguyen2018distributionally,
  title={Distributionally robust inverse covariance estimation: The {W}asserstein shrinkage estimator},
  author={Nguyen, Viet Anh and Kuhn, Daniel and Mohajerin Esfahani, Peyman},
  journal={Operations Research},
  note={Forthcoming},
  year={2020}
}

@article{esfahani2018data,
  title={Data-driven distributionally robust optimization using the {W}asserstein metric: Performance guarantees and tractable reformulations},
  author={Mohajerin Esfahani, Peyman and Kuhn, Daniel},
  journal={Mathematical Programming},
  volume={171},
  number={1-2},
  pages={115--166},
  year={2018},
  publisher={Springer}
}

@InProceedings{gordaliza2019obtaining, title = {Obtaining Fairness using Optimal Transport Theory}, author = {Gordaliza, Paula and Barrio, Eustasio Del and Fabrice, Gamboa and Loubes, Jean-Michel}, booktitle = {International Conference on Machine Learning}, pages = {2357--2365}, year = {2019}}


@article{taskesen2020distributionally,
  title={A distributionally robust approach to fair classification},
  author={Ta{\c{s}}kesen, Bahar and Nguyen, Viet Anh and Kuhn, Daniel and Blanchet, Jose},
  journal={arXiv:2007.09530},
  year={2020}
}

@inproceedings{taskesen2020statistical,
  title={A Statistical Test for Probabilistic Fairness},
  author={Ta{\c{s}}kesen, Bahar and Blanchet, Jose and Kuhn, Daniel and Nguyen, Viet Anh},
  booktitle={ACM Conference on Fairness, Accountability, and Transparency},
  year={2021}
}



@article{de2019differentiation,
	title={Differentiation and regularity of semi-discrete optimal transport with respect to the parameters of the discrete measure},
	author={De Gournay, Fr{\'e}d{\'e}ric and Kahn, Jonas and Lebrat, L{\'e}o},
	journal={Numerische Mathematik},
	volume={141},
	number={2},
	pages={429--453},
	year={2019},
	publisher={Springer}
}
@book{arora2009computational,
	title={Computational {C}omplexity: {A} {M}odern {A}pproach},
	author={Arora, Sanjeev and Barak, Boaz},
	year={2009},
	publisher={Cambridge University Press}
}
@article{papadakis2014optimal,
	title={Optimal transport with proximal splitting},
	author={Papadakis, Nicolas and Peyr{\'e}, Gabriel and Oudet, Edouard},
	journal={SIAM Journal on Imaging Sciences},
	volume={7},
	number={1},
	pages={212--238},
	year={2014},
	publisher={SIAM}
}
@article{evans1997partial,
	title={Partial differential equations and {M}onge-{K}antorovich mass transfer},
	author={Evans, Lawrence C},
	journal={Current Developments in Mathematics},
	volume={1997},
	number={1},
	pages={65--126},
	year={1997},
	publisher={International Press of Boston}
}
@article{polyak1992acceleration,
	title={Acceleration of stochastic approximation by averaging},
	author={Polyak, Boris T and Juditsky, Anatoli B},
	journal={SIAM Journal on Control and Optimization},
	volume={30},
	number={4},
	pages={838--855},
	year={1992},
	publisher={SIAM}
}
@article{mirebeau2015numerical,
	title={Numerical resolution of {E}uler equations through semi-discrete optimal transport},
	author={Mirebeau, Jean-Marie},
	journal={Journ{\'e}es {\'E}quations aux D{\'e}riv{\'e}es Partielles},
	pages={1--16},
	year={2015}
}
@article{courty2016optimal,
	title={Optimal transport for domain adaptation},
	author={Courty, Nicolas and Flamary, R{\'e}mi and Tuia, Devis and Rakotomamonjy, Alain},
	journal={IEEE Transactions on Pattern Analysis and Machine Intelligence},
	volume={39},
	number={9},
	pages={1853--1865},
	year={2016},
	publisher={IEEE}
}
@article{pitie2007automated,
	title={Automated colour grading using colour distribution transfer},
	author={Piti{\'e}, Fran{\c{c}}ois and Kokaram, Anil C and Dahyot, Rozenn},
	journal={Computer Vision and Image Understanding},
	volume={107},
	number={1-2},
	pages={123--137},
	year={2007},
	publisher={Elsevier}
}
@article{benamou2015iterative,
	title={Iterative {B}regman projections for regularized transportation problems},
	author={Benamou, Jean-David and Carlier, Guillaume and Cuturi, Marco and Nenna, Luca and Peyr{\'e}, Gabriel},
	journal={SIAM Journal on Scientific Computing},
	volume={37},
	number={2},
	pages={A1111--A1138},
	year={2015},
	publisher={SIAM}
}
@book{bertsekas2009convex,
	title={Convex Optimization Theory},
	author={Bertsekas, Dimitri P},
	year={2009},
	publisher={Athena Scientific}
}
@article{dick2013high,
	title={High-dimensional integration: {T}he quasi-{M}onte {C}arlo way},
	author={Dick, Josef and Kuo, Frances Y and Sloan, Ian H},
	journal={Acta Numerica},
	volume={22},
	pages={133--288},
	year={2013},
	publisher={Cambridge University Press}
}
@inproceedings{peng2014efficient,
	title={An efficient parallel solver for SDD linear systems},
	author={Peng, Richard and Spielman, Daniel A},
	booktitle={ACM symposium on Theory of computing},
	pages={333--342},
	year={2014}
}

@article{Nesterov1983AMF,
  title={A method for solving the convex programming problem with convergence rate {$\mc O (1/k^2)$}},
  author={Y. Nesterov},
  journal={Proceedings of the USSR Academy of Sciences},
  year={1983},
  volume={269},
  pages={543-547}
}
@INPROCEEDINGS{yalmip,
  author={J. {L\"ofberg}},
  booktitle={IEEE International Conference on Robotics and Automation}, 
  title={{YALMIP}: {A} toolbox for modeling and optimization in {MATLAB}}, 
  year={2004},
  pages={284--289}}

@article{wassenaar2003approach,
	title={An approach to decision-based design with discrete choice analysis for demand modeling},
	author={Wassenaar, Henk Jan and Chen, Wei},
	journal={Transactions of ASME: Journal of Mechanical Design},
	volume={125},
	number={3},
	pages={490--497},
	year={2003}
}
@article{hackbarth2013consumer,
	title={Consumer preferences for alternative fuel vehicles: A discrete choice analysis},
	author={Hackbarth, Andr{\'e} and Madlener, Reinhard},
	journal={Transportation Research Part D: Transport and Environment},
	volume={25},
	pages={5--17},
	year={2013},
	publisher={Elsevier}
}
@article{orlin1997polynomial,
	title={A polynomial time primal network simplex algorithm for minimum cost flows},
	author={Orlin, James B},
	journal={Mathematical Programming},
	volume={78},
	number={2},
	pages={109--129},
	year={1997},
	publisher={Springer}
}
@book{rockafellar1974conjugate,
author = {R. T. Rockafellar},
title = {Conjugate {D}uality and {O}ptimization},
year = {1974},
publisher={SIAM}
}
@book{rockafellar2009variational,
	title={Variational {A}nalysis},
	author={Rockafellar, R Tyrrell and Wets, Roger J-B},
	year={2009},
	publisher={Springer Science \& Business Media}
}
@article{paty2019subspace,
	title={Subspace robust {W}asserstein distances},
	author={Paty, Fran{\c{c}}ois-Pierre and Cuturi, Marco},
	journal={arXiv:1901.08949},
	year={2019}
}
@article{vovsha1998link,
	title={Link-nested logit model of route choice: {O}vercoming route overlapping problem},
	author={Vovsha, Peter and Bekhor, Shlomo},
	journal={Transportation Research Record},
	volume={1645},
	number={1},
	pages={133--142},
	year={1998},
	publisher={SAGE Publications Sage CA: Los Angeles, CA}
}
@article{dantzig1951application,
	title={Application of the simplex method to a transportation problem},
	author={Dantzig, George B},
	journal={Activity Analysis and Production and Allocation},
	year={1951},
	pages={359--373},
	publisher={Wiley}
}
@article{spielman2003smoothed,
	title={Smoothed analysis of termination of linear programming algorithms},
	author={Spielman, Daniel A and Teng, Shang-Hua},
	journal={Mathematical Programming},
	volume={97},
	number={1-2},
	pages={375--404},
	year={2003},
	publisher={Springer}
}
@article{blondel2018learning,
	title={Learning classifiers with Fenchel-Young losses: Generalized entropies, margins, and algorithms},
	author={Blondel, Mathieu and Martins, Andr{\'e} FT and Niculae, Vlad},
	journal={arXiv:1805.09717},
	year={2018}
}
@inproceedings{krichene2015efficient,
	title={Efficient {B}regman projections onto the simplex},
	author={Krichene, Walid and Krichene, Syrine and Bayen, Alexandre},
	booktitle={IEEE Conference on Decision and Control},
	pages={3291--3298},
	year={2015}
}
@article{audibert2013regret,
	title={Regret in online combinatorial optimization},
	author={Audibert, Jean-Yves and Bubeck, S{\'e}bastien and Lugosi, G{\'a}bor},
	journal={Mathematics of Operations Research},
	volume={39},
	number={1},
	pages={31--45},
	year={2013},
	publisher={INFORMS}
}
@article{natarajan2009persistency,
	title={Persistency model and its applications in choice modeling},
	author={Natarajan, Karthik and Song, Miao and Teo, Chung-Piaw},
	journal={Management Science},
	volume={55},
	number={3},
	pages={453--469},
	year={2009},
	publisher={INFORMS}
}
@book{anderson1992discrete,
	title={Discrete {C}hoice {T}heory of {P}roduct {D}ifferentiation},
	author={Anderson, Simon P and De Palma, Andre and Thisse, Jacques-Francois},
	year={1992},
	publisher={MIT press}
}
@article{anderson1988representative,
	title={A representative consumer theory of the logit model},
	author={Anderson, Simon P and De Palma, Andr{\'e} and Thisse, J-F},
	journal={International Economic Review},
	pages={461--466},
	year={1988},
	volume={29},
	number={3},
	publisher={JSTOR}
}
@article{spence1976product,
	title={Product selection, fixed costs, and monopolistic competition},
	author={Spence, Michael},
	journal={The Review of economic studies},
	volume={43},
	number={2},
	pages={217--235},
	year={1976},
	publisher={JSTOR}
}
@article{dixit1977monopolistic,
	title={Monopolistic competition and optimum product diversity},
	author={Dixit, Avinash K and Stiglitz, Joseph E},
	journal={The American Economic Review},
	volume={67},
	number={3},
	pages={297--308},
	year={1977},
	publisher={JSTOR}
}
@article{dixit1977monopolistic,
	title={Monopolistic competition and optimum product diversity},
	author={Dixit, Avinash K and Stiglitz, Joseph E},
	journal={The American Economic Review},
	volume={67},
	number={3},
	pages={297--308},
	year={1977},
	publisher={JSTOR}
}
@article{thurstone1927law,
	title={A law of comparative judgment.},
	author={Thurstone, Louis L},
	journal={Psychological Review},
	volume={34},
	number={4},
	pages={273},
	year={1927},
	publisher={Psychological Review Company}
}
@article{mcfadden1975revealed,
	title={The revealed preferences of a government bureaucracy: Theory},
	author={McFadden, Daniel and others},
	journal={Bell Journal of Economics},
	volume={6},
	number={2},
	pages={401--416},
	year={1975},
	publisher={The RAND Corporation}
}

@book{train2009discrete,
  title={Discrete {C}hoice {M}ethods with {S}imulation},
  author={Train, Kenneth E},
  year={2009},
  publisher={Cambridge University Press}
}
@techreport{block1959random,
	title={Random orderings and stochastic theories of response},
	author={Block, Henry David and Marschak, Jacob and others},
	year={1959},
	institution={Cowles Foundation for Research in Economics, Yale University}
}
@article{feng2017relation,
	title={On the relation between several discrete choice models},
	author={Feng, Guiyun and Li, Xiaobo and Wang, Zizhuo},
	journal={Operations Research},
	volume={65},
	number={6},
	pages={1516--1525},
	year={2017},
	publisher={INFORMS}
}

@book{ben1985discrete,
	title={Discrete Choice Analysis: {T}heory and {A}pplication to {T}ravel {D}emand},
	author={Ben-Akiva, Moshe E and Lerman, Steven R},
	year={1985},
	publisher={MIT Press}
}
@book{daganzo2014multinomial,
	title={Multinomial {P}robit: the {T}heory and its Application to {D}emand {F}orecasting},
	author={Daganzo, Carlos},
	year={2014},
	publisher={Elsevier}
}

@article{dubin1984econometric,
	title={An {e}conometric {a}nalysis of {r}esidential {e}lectric {a}ppliance {h}oldings and {c}onsumption},
	author={Dubin, Jeffrey A and McFadden, Daniel L},
	journal={Econometrica},
	pages={345--362},
	volume={52},
	number={2},
	year={1984},
	publisher={JSTOR}
}

@incollection{mcfadden1973conditional,
	year={1974},
	booktitle={Frontiers in Econometrics},
	title={Conditional {l}ogit {a}nalysis of {q}ualitative {c}hoice {b}ehavior},
	author={McFadden, Daniel},
	editor={P. Zarembka},
	pages={105-142},
	publisher={Academic Press}
}

@inproceedings{nock2016scaled,
	title={A scaled Bregman theorem with applications},
	author={Nock, Richard and Menon, Aditya and Ong, Cheng Soon},
	booktitle={Advances in Neural Information Processing Systems},
	pages={19--27},
	year={2016}
}
@unpublished{kakade2009duality,
	title={On the {d}uality of {s}trong {c}onvexity and {s}trong {s}moothness: {L}earning {a}pplications and {m}atrix {r}egularization},
	author={Kakade, Sham and Shalev-Shwartz, Shai and Tewari, Ambuj},
	note={Technical report, Toyota Technological Institute},
	year={2009}
}
@article{hochreiter2007financial,
	title={Financial {s}cenario {g}eneration for {s}tochastic {m}ulti-{s}tage {d}ecision {p}rocesses as {f}acility {l}ocation {p}roblems},
	author={Hochreiter, Ronald and Pflug, Georg Ch},
	journal={Annals of Operations Research},
	volume={152},
	number={1},
	pages={257--272},
	year={2007},
	publisher={Springer}
}
@article{pflug2001scenario,
	title={Scenario {t}ree {g}eneration for {m}ultiperiod {f}inancial {o}ptimization by {o}ptimal {d}iscretization},
	author={Pflug, G Ch},
	journal={Mathematical Programming},
	volume={89},
	number={2},
	pages={251--271},
	year={2001},
	publisher={Springer}
}
@article{heitsch2007note,
	title={A {n}ote on {s}cenario {r}eduction for {t}wo-{s}tage {s}tochastic {p}rograms},
	author={Heitsch, Holger and R{\"o}misch, Werner},
	journal={Operations Research Letters},
	volume={35},
	number={6},
	pages={731--738},
	year={2007},
	publisher={Elsevier}
}
@article{wei2018inexact,
	title={{A}n {i}nexact {p}rimal-{d}ual {a}lgorithm for {s}emi-{i}nfinite {p}rogramming},
	author={Wei, Bo and Haskell, William B and Zhao, Sixiang},
	journal={arXiv:1803.10898},
	year={2018}
}
@article{lovasz2006simulated,
	title={{S}imulated {a}nnealing in {c}onvex {b}odies and an {$\mc O*(n4)$} {v}olume {a}lgorithm},
	author={Lov{\'a}sz, L{\'a}szl{\'o} and Vempala, Santosh},
	journal={Journal of Computer and System Sciences},
	volume={72},
	number={2},
	pages={392--417},
	year={2006},
	publisher={Elsevier}
}
@inproceedings{lee2018convergence,
	title={Convergence rate of {R}iemannian {H}amiltonian {M}onte {C}arlo and faster polytope volume computation},
	author={Lee, Yin Tat and Vempala, Santosh S},
	booktitle={ACM SIGACT Symposium on Theory of Computing},
	pages={1115--1121},
	year={2018}
}
@article{cousins2018gaussian,
	title={Gaussian {c}ooling and {O}\^*(n\^{3}) {a}lgorithms for {v}olume and {G}aussian {v}olume},
	author={Cousins, Ben and Vempala, Santosh},
	journal={SIAM Journal on Computing},
	volume={47},
	number={3},
	pages={1237--1273},
	year={2018},
	publisher={SIAM}
}

@inproceedings{blondel2017smooth,
  title={Smooth and sparse optimal transport},
  author={Blondel, Mathieu and Seguy, Vivien and Rolet, Antoine},
  booktitle={Artificial Intelligence and Statistics},
  pages={880--889},
  year={2018}
}

@article{thibault2017overrelaxed,
	title={Overrelaxed {S}inkhorn-{K}nopp {a}lgorithm for {r}egularized {o}ptimal {t}ransport},
	author={Thibault, Alexis and Chizat, L{\'e}na{\"\i}c and Dossal, Charles and Papadakis, Nicolas},
	journal={arXiv:1711.01851},
	year={2017}
}
@article{durmus2016high,
	title={High-{d}imensional {B}ayesian {i}nference via the {u}nadjusted {L}angevin {a}lgorithm},
	author={Durmus, Alain and Moulines, Eric},
	journal={arXiv:1605.01559},
	year={2016}
}
@article{cuturi2016smoothed,
	title={A {s}moothed {d}ual {a}pproach for {v}ariational {W}asserstein {p}roblems},
	author={Cuturi, Marco and Peyr{\'e}, Gabriel},
	journal={SIAM Journal on Imaging Sciences},
	volume={9},
	number={1},
	pages={320--343},
	year={2016},
	publisher={SIAM}
}
@article{muller2019discrete,
	title={Discrete {c}hoice {p}rox-{f}unctions on the {s}implex},
	author={M{\"u}ller, David and Nesterov, Yurii and Shikhman, Vladimir},
	journal={arXiv:1909.05591},
	year={2019}
}

@InProceedings{dvurechensky2018computational, title = {Computational Optimal Transport: Complexity by Accelerated Gradient Descent Is Better Than by {S}inkhorn’s Algorithm}, author = {Dvurechensky, Pavel and Gasnikov, Alexander and Kroshnin, Alexey}, booktitle = {International Conference on Machine Learning}, pages = {1367--1376}, year = {2018} }


@article{sabanis2018higher,
	title={{H}igher {o}rder {L}angevin {M}onte {C}arlo {a}lgorithm},
	author={Sabanis, Sotirios and Zhang, Ying},
	journal={arXiv:1808.00728},
	year={2018}
}

@inproceedings{jambulapati2019direct,
 author = {Jambulapati, Arun and Sidford, Aaron and Tian, Kevin},
 booktitle = {Advances in Neural Information Processing Systems},
 pages = {11359--11370},
 title = {A Direct {$\tilde{\mathcal{O}}(1/e)$} Iteration Parallel Algorithm for Optimal Transport},
 year = {2019}
}


@inproceedings{ghai2019exponentiated,
  title={Exponentiated gradient meets gradient descent},
  author={Ghai, Udaya and Hazan, Elad and Singer, Yoram},
  booktitle={ International Conference on Algorithmic Learning Theory},
  pages={386--407},
  year={2020},
}
@inproceedings{quanrud2018approximating,
	title={Approximating optimal transport with linear programs},
	author={Quanrud, Kent},
	booktitle={Symposium on Simplicity in Algorithms},
	pages={6:1--6:9},
	year={2019}
}
@inproceedings{cohen2017matrix,
	title={Matrix scaling and balancing via box constrained {N}ewton's method and interior point methods},
	author={Cohen, Michael B and Madry, Aleksander and Tsipras, Dimitris and Vladu, Adrian},
	booktitle={Symposium on Foundations of Computer Science},
	pages={902--913},
	year={2017}
}
@article{blanchet2018towards,
	title={Towards {o}ptimal {r}unning {t}imes for {o}ptimal {t}ransport},
	author={Blanchet, Jose and Jambulapati, Arun and Kent, Carson and Sidford, Aaron},
	journal={arXiv:1810.07717},
	year={2018}
}
@inproceedings{allen2017much,
	title={Much faster algorithms for matrix scaling},
	author={Allen-Zhu, Zeyuan and Li, Yuanzhi and Oliveira, Rafael and Wigderson, Avi},
	booktitle={2017 IEEE 58th Annual Symposium on Foundations of Computer Science (FOCS)},
	pages={890--901},
	year={2017},
	organization={IEEE}
}

@InProceedings{abid2018greedy,
  title = {Stochastic algorithms for entropy-regularized optimal transport problems},
  author = 	 {Brahim Khalil Abid and Robert Gower},
  booktitle = 	 {Artificial Intelligence and Statistics},
  pages = 	 {1505--1512},
  year = 	 {2018},
  abstract = 	 {Optimal transport (OT) distances are finding evermore applications in machine learning and computer vision, but their wide spread use in larger-scale problems is impeded by their high computational cost. In this work we develop a family of fast and practical stochastic algorithms for solving the optimal transport problem with an entropic penalization. This work extends the recently developed Greenkhorn algorithm, in the sense that, the Greenkhorn algorithm is a limiting case of this family. We also provide a simple and general convergence theorem for all algorithms in the class, with rates that match the best known rates of Greenkorn and the Sinkhorn algorithm, and conclude with numerical experiments that show under what regime of penalization the new stochastic methods are faster than the aforementioned methods.}
}

@inproceedings{brightwell1991counting,
	title={Counting linear extensions is\# {P}-complete},
	author={Brightwell, Graham and Winkler, Peter},
	booktitle={ACM symposium on Theory of computing},
	pages={175--181},
	year={1991}}

@article{chakrabarty2018better,
  title={Better and {s}impler {e}rror {a}nalysis of the {S}inkhorn-{K}nopp {a}lgorithm for {m}atrix {s}caling},
  author={Chakrabarty, Deeparnab and Khanna, Sanjeev},
  journal={Mathematical Programming},
  pages={1--13},
  year={2020},
  note={Forthcoming},
  publisher={Springer}
}
@inproceedings{altschuler2017near,
	title={Near-linear time approximation algorithms for optimal transport via {S}inkhorn iteration},
	author={Altschuler, Jason and Weed, Jonathan and Rigollet, Philippe},
	booktitle={Advances in Neural Information Processing Systems},
	pages={1964--1974},
	year={2017}
}


@article{brenier1991polar,
	title={Polar {f}actorization and {m}onotone {r}earrangement of {v}ector-{v}alued {f}unctions},
	author={Brenier, Yann},
	journal={Communications on Pure and Applied Mathematics},
	volume={44},
	number={4},
	pages={375--417},
	year={1991},
	publisher={Wiley Online Library}
}
@article{banach1993theorie,
	title={Theorie des {o}perations {l}ineaires [{T}heory of {l}inear {o}perators]},
	author={Banach, Stefan},
	journal={Monografie Matematyczne},
	volume={1},
	year={1993}
}
@article{mcfadden1978modeling,
	title={Modeling the {c}hoice of {r}esidential {l}ocation},
	author={McFadden, Daniel},
	journal={Transportation Research Record},
	volume={673},
	pages={72--77},
	year={1978}
}
@article{alaoglu1940weak,
	title={Weak {t}opologies of {n}ormed {l}inear spaces},
	author={Alaoglu, Leon},
	journal={Annals of Mathematics},
	pages={252--267},
	year={1940},
	publisher={JSTOR}
}
@article{sinkhorn1967diagonal,
	title={Diagonal {e}quivalence to {m}atrices with {p}rescribed {r}ow and {c}olumn {s}ums},
	author={Sinkhorn, Richard},
	journal={The American Mathematical Monthly},
	volume={74},
	number={4},
	pages={402--405},
	year={1967},
	publisher={JSTOR}
}

@article {schrodinger1931umkehrung,
	title = {{\"Uber die Umkehrung der Naturgesetze}},
	author = {Schr{\"o}dinger, E},
	journal = {Sitzungsberichte der Preussischen Akademie der Wissenschaften. Physikalisch-Mathematische Klasse},
	volume = {144},
	number={3},
	pages={144--153},
	year = {1931}
}
@article{leonard2013survey,
	title={A {s}urvey of the {S}chr$\backslash$" odinger {p}roblem and {s}ome of its {c}onnections with {o}ptimal {t}ransport},
	author={L{\'e}onard, Christian},
	journal={arXiv:1308.0215},
	year={2013}
}
@book{fang2012entropy,
	title={Entropy {O}ptimization and {M}athematical {P}rogramming},
	author={Fang, Shu-Cherng and Rajasekera, Jay R and Tsao, H-S Jacob},
	year={2012},
	publisher={Springer Science \& Business Media}
}
@article{fang1992unconstrained,
	title={An unconstrained convex programming view of linear programming},
	author={Fang, S-C},
	journal={Zeitschrift f{\"u}r Operations Research},
	volume={36},
	number={2},
	pages={149--161},
	year={1992},
	publisher={Springer}
}
@inproceedings{pele2009fast,
	title={Fast and robust earth mover's distances},
	author={Pele, Ofir and Werman, Michael},
	booktitle={IEEE International Conference on Computer Vision},
	pages={460--467},
	year={2009}}

@article{tartavel2016wasserstein,
	title={Wasserstein {l}oss for {i}mage {s}ynthesis and {r}estoration},
	author={Tartavel, Guillaume and Peyr{\'e}, Gabriel and Gousseau, Yann},
	journal={SIAM Journal on Imaging Sciences},
	volume={9},
	number={4},
	pages={1726--1755},
	year={2016},
	publisher={SIAM}
}
@inproceedings{seguy2015principal,
	title={Principal geodesic analysis for probability measures under the optimal transport metric},
	author={Seguy, Vivien and Cuturi, Marco},
	booktitle={Advances in Neural Information Processing Systems},
	pages={3312--3320},
	year={2015}
}
@inproceedings{rolet2016fast,
	title={Fast dictionary learning with a smoothed {W}asserstein loss},
	author={Rolet, Antoine and Cuturi, Marco and Peyr{\'e}, Gabriel},
	booktitle={Artificial Intelligence and Statistics},
	pages={630--638},
	year={2016}
}

@InProceedings{arjovsky2017wasserstein, title = {{W}asserstein Generative Adversarial Networks}, author = {Martin Arjovsky and Soumith Chintala and L{\'e}on Bottou}, booktitle = {International Conference on Machine Learning}, pages = {214--223}, year = {2017} }

@article{schmitzer2016sparse,
	title={A {s}parse {m}ultiscale {a}lgorithm for {d}ense {o}ptimal {t}ransport},
	author={Schmitzer, Bernhard},
	journal={Journal of Mathematical Imaging and Vision},
	volume={56},
	number={2},
	pages={238--259},
	year={2016},
	publisher={Springer}
}
@article{cazelles2018geodesic,
	title={Geodesic {PCA} versus {l}og-{PCA} of {h}istograms in the {W}asserstein {s}pace},
	author={Cazelles, Elsa and Seguy, Vivien and Bigot, J{\'e}r{\'e}mie and Cuturi, Marco and Papadakis, Nicolas},
	journal={SIAM Journal on Scientific Computing},
	volume={40},
	number={2},
	pages={B429--B456},
	year={2018},
	publisher={SIAM}
}
@article{lin2019acceleration,
	title={On the {e}fficiency of the {S}inkhorn and {G}reenkhorn {a}lgorithms for {o}ptimal {t}ransport},
	author={Lin, Tianyi and Ho, Nhat and Jordan, Michael I},
	journal={arXiv:1906.01437},
	year={2019}
}
@article{guo2019accelerated,
	title={{A}ccelerated {p}rimal-{d}ual {c}oordinate {d}escent for {c}omputational {o}ptimal {t}ransport},
	author={Guo, Wenshuo and Ho, Nhat and Jordan, Michael I},
	journal={arXiv:1905.09952},
	year={2019}
}
@article{ref:mirebeau2015discretization,
  title={Discretization of the 3{D} {M}onge-{A}mp\`ere operator, between wide stencils and power diagrams},
  author={Mirebeau, Jean-Marie},
  journal={Mathematical Modelling and Numerical Analysis},
  volume={49},
  number={5},
  pages={1511--1523},
  year={2015}}
@InProceedings{lin2019efficient, title = {On Efficient Optimal Transport: {A}n Analysis of Greedy and Accelerated Mirror Descent Algorithms}, author = {Lin, Tianyi and Ho, Nhat and Jordan, Michael I.}, booktitle = {International Conference on Machine Learning}, pages = {3982--3991}, year = {2019} }

@InProceedings{ho2017multilevel, title = {Multilevel Clustering via {W}asserstein Means}, author = {Nhat Ho and XuanLong Nguyen and Mikhail Yurochkin and Hung Hai Bui and Viet Huynh and Dinh Phung}, booktitle = {International Conference on Machine Learning}, pages = {1501--1509}, year = {2017}}

@article{rubner2000earth,
	title={The {e}arth {m}over's {d}istance as a {m}etric for {i}mage {r}etrieval},
	author={Rubner, Yossi and Tomasi, Carlo and Guibas, Leonidas J},
	journal={International Journal of Computer Vision},
	volume={40},
	number={2},
	pages={99--121},
	year={2000},
	publisher={Springer}
}
@article{solomon2014earth,
	title={Earth {m}over's {d}istances on {d}iscrete {s}urfaces},
	author={Solomon, Justin and Rustamov, Raif and Guibas, Leonidas and Butscher, Adrian},
	journal={ACM Transactions on Graphics},
	volume={33},
	number={4},
	pages={67},
	year={2014},
	publisher={ACM}
}
@inproceedings{lee2014path,
	title={Path finding methods for linear programming: Solving linear programs in {$\tilde{\mathcal{O}}(\sqrt{rank})$} iterations and faster algorithms for maximum flow},
	author={Lee, Yin Tat and Sidford, Aaron},
	booktitle={IEEE Symposium on Foundations of Computer Science},
	pages={424--433},
	year={2014}}
@article{kundu2018discovery,
	title={Discovery and visualization of structural biomarkers from {MRI} using transport-based morphometry},
	author={Kundu, Shinjini and Kolouri, Soheil and Erickson, Kirk I and Kramer, Arthur F and McAuley, Edward and Rohde, Gustavo K},
	journal={NeuroImage},
	volume={167},
	pages={256--275},
	year={2018},
	publisher={Elsevier}
}
@article{wang2010optimal,
	title={An {o}ptimal {t}ransportation {a}pproach for {n}uclear {s}tructure-{b}ased {p}athology},
	author={Wang, Wei and Ozolek, John A and Slepcev, Dejan and Lee, Ann B and Chen, Cheng and Rohde, Gustavo K},
	journal={IEEE Transactions on Medical Imaging},
	volume={30},
	number={3},
	pages={621--631},
	year={2010},
	publisher={IEEE}
}
@inproceedings{feydy2017optimal,
	title={Optimal transport for diffeomorphic registration},
	author={Feydy, Jean and Charlier, Benjamin and Vialard, Fran{\c{c}}ois-Xavier and Peyr{\'e}, Gabriel},
	booktitle={International Conference on Medical Image Computing and Computer-Assisted Intervention},
	pages={291--299},
	year={2017}
}
@article{solomon2015convolutional,
	title={Convolutional {W}asserstein {d}istances: {E}fficient {o}ptimal {t}ransportation on {g}eometric {d}omains},
	author={Solomon, Justin and De Goes, Fernando and Peyr{\'e}, Gabriel and Cuturi, Marco and Butscher, Adrian and Nguyen, Andy and Du, Tao and Guibas, Leonidas},
	journal={ACM Transactions on Graphics 
	},
	volume={34},
	number={4},
	pages={66},
	year={2015},
	publisher={ACM}
}

@article{papadakis2017convex,
	title={Convex {h}istogram-{b}ased {j}oint {i}mage {s}egmentation with {r}egularized {o}ptimal {t}ransport {c}ost},
	author={Papadakis, Nicolas and Rabin, Julien},
	journal={Journal of Mathematical Imaging and Vision},
	volume={59},
	number={2},
	pages={161--186},
	year={2017},
	publisher={Springer}
}
@inproceedings{pele2008linear,
	title={A linear time histogram metric for improved sift matching},
	author={Pele, Ofir and Werman, Michael},
	booktitle={European Conference on Computer Vision},
	pages={495--508},
	year={2008}
}
@inproceedings{kolouri2015transport,
	title={Transport-based single frame super resolution of very low resolution face images},
	author={Kolouri, Soheil and Rohde, Gustavo K},
	booktitle={IEEE Conference on Computer Vision and Pattern Recognition},
	pages={4876--4884},
	year={2015}
}

@InProceedings{alvarez2017structured, title = {Structured Optimal Transport}, author = {David Alvarez-Melis and Tommi Jaakkola and Stefanie Jegelka}, 
booktitle = {Artificial Intelligence and Statistics}, pages = {1771--1780}, year = {2018}}


@article{nguyen2013convergence,
	title={Convergence of {l}atent {m}ixing {m}easures in {f}inite and {i}nfinite {m}ixture {m}odels},
	author={Nguyen, XuanLong and others},
	journal={The Annals of Statistics},
	volume={41},
	number={1},
	pages={370--400},
	year={2013},
	publisher={Institute of Mathematical Statistics}
}
@article{kolouri2017optimal,
	title={Optimal {m}ass {t}ransport: {S}ignal {p}rocessing and {m}achine-{l}earning {a}pplications},
	author={Kolouri, Soheil and Park, Se Rim and Thorpe, Matthew and Slepcev, Dejan and Rohde, Gustavo K},
	journal={IEEE Signal Processing Magazine},
	volume={34},
	number={4},
	pages={43--59},
	year={2017}
}
@article{ferradans2014regularized,
	title={Regularized {d}iscrete {o}ptimal {t}ransport},
	author={Ferradans, Sira and Papadakis, Nicolas and Peyr{\'e}, Gabriel and Aujol, Jean-Fran{\c{c}}ois},
	journal={SIAM Journal on Imaging Sciences},
	volume={7},
	number={3},
	pages={1853--1882},
	year={2014},
	publisher={SIAM}
}
@article{kantorovich2006translocation,
	title={On the {t}ranslocation of {m}asses},
	author={Kantorovich, Leonid V},
	journal={Journal of Mathematical Sciences},
	volume={133},
	number={4},
	pages={1381--1382},
	year={2006},
	publisher={Springer}
}

@article{monge1781memoire,
	title={M{\'e}moire sur la {t}h{\'e}orie des d{\'e}blais et des {r}emblais},
	author={Monge, Gaspard},
	journal={Histoire de l'Acad{\'e}mie Royale des Sciences de Paris},
	year={1781}
}
@article{schmidt2017minimizing,
	title={Minimizing {f}inite {s}ums with the {s}tochastic {a}verage {g}radient},
	author={Schmidt, Mark and Le Roux, Nicolas and Bach, Francis},
	journal={Mathematical Programming},
	volume={162},
	number={1-2},
	pages={83--112},
	year={2017},
	publisher={Springer}
}
@article{sion1958general,
	title={On general {m}inimax {t}heorems.},
	author={Sion, Maurice and others},
	journal={Pacific Journal of Mathematics},
	volume={8},
	number={1},
	pages={171--176},
	year={1958},
	publisher={Pacific Journal of Mathematics}
}
@article{rigollet2018entropic,
	title={Entropic {o}ptimal {t}ransport is {m}aximum-{l}ikelihood {d}econvolution},
	author={Rigollet, Philippe and Weed, Jonathan},
	journal={Comptes Rendus Mathematique},
	volume={356},
	number={11-12},
	pages={1228--1235},
	year={2018},
	publisher={Elsevier}
}
@book{mas1995microeconomic,
	title={Microeconomic {T}heory},
	author={Mas-Colell, Andreu and Whinston, Michael Dennis and Green, Jerry R and others},
	year={1995},
	publisher={Oxford university press New York}
}
@article{minty1964monotonicity,
	title={On the {m}onotonicity of the {g}radient of a {c}onvex {f}unction.},
	author={Minty, George J and others},
	journal={Pacific Journal of Mathematics},
	volume={14},
	number={1},
	pages={243--247},
	year={1964},
	publisher={Pacific Journal of Mathematics}
}
@inproceedings{genevay2016stochastic,
	title={Stochastic optimization for large-scale optimal transport},
	author={Genevay, Aude and Cuturi, Marco and Peyr{\'e}, Gabriel and Bach, Francis},
	booktitle={Advances in Neural Information Processing Systems},
	pages={3440--3448},
	year={2016}
}

@InProceedings{sparsemax, title = {From Softmax to Sparsemax: A Sparse Model of Attention and Multi-Label Classification}, author = {Andre Martins and Ramon Astudillo}, booktitle = { International Conference on Machine Learning}, pages = {1614--1623}, year = {2016}}

@article{ref:clason2019entropic,
title = {{E}ntropic {r}egularization of {c}ontinuous {o}ptimal {t}ransport {p}roblems},
journal = "Journal of Mathematical Analysis and Applications",
volume = "494",
number = "1",
pages = "124432",
year = "2021",
author = "Christian Clason and Dirk A. Lorenz and Hinrich Mahler and Benedikt Wirth"
}
@article{auslender1997asymptotic,
	title={Asymptotic {a}nalysis for {p}enalty and {b}arrier {m}ethods in {c}onvex and {l}inear {p}rogramming},
	author={Auslender, Alfred and Cominetti, Roberto and Haddou, Mounir},
	journal={Mathematics of Operations Research},
	volume={22},
	number={1},
	pages={43--62},
	year={1997},
	publisher={INFORMS}
}
@article{frechet1951,
	title={Sur les {t}ableaux de {c}orr\'elation dont les {m}arges sont {d}onn\'ees},
	author={Fr\'echet, Maurice},
	journal={Annales de l'Universit\'e de Lyon, Sciences},
	volume={4},
	pages={13--84},
	number={1/2},
	year={1951}
}
@article{cominetti1994asymptotic,
	title={Asymptotic {A}nalysis of the {E}xponential {P}enalty {T}rajectory in {L}inear {P}rogramming},
	author={Cominetti, Roberto and San Mart{\'\i}n, Jaime},
	journal={Mathematical Programming},
	volume={67},
	number={1-3},
	pages={169--187},
	year={1994},
	publisher={Springer}
}

@article{ref:anderson1988representative,
  title={A {r}epresentative {c}onsumer {t}heory of the {l}ogit {m}odel},
  author={Anderson, Simon P and De Palma, Andr{\'e} and Thisse, J-F},
  journal={International Economic Review},
  pages={461--466},
  year={1988},
  publisher={JSTOR}
}
@book{ref:van1990handbook,
  title={Handbook of Theoretical Computer Science: Algorithms and Complexity},
  author={Van Leeuwen, Jan},
  year={1990},
  publisher={Elsevier}
}
@article{ref:grigoriadis1994fast,
  title={Fast {a}pproximation {s}chemes for {c}onvex {p}rograms with {m}any {b}locks and {c}oupling {c}onstraints},
  author={Grigoriadis, Michael D and Khachiyan, Leonid G},
  journal={SIAM Journal on Optimization},
  volume={4},
  number={1},
  pages={86--107},
  year={1994},
  publisher={SIAM}
}
@book{ref:galichon2018optimal,
  title={Optimal {T}ransport {M}ethods in {E}conomics},
  author={Galichon, Alfred},
  year={2018},
  publisher={Princeton University Press}
}

@article{chizat2016scaling,
	title={Scaling {a}lgorithms for {u}nbalanced {o}ptimal {t}ransport {p}roblems},
	author={Chizat, Lenaic and Peyr{\'e}, Gabriel and Schmitzer, Bernhard and Vialard, Fran{\c{c}}ois-Xavier},
	journal={Mathematics of Computation},
	volume={87},
	number={314},
	pages={2563--2609},
	year={2018}
}
@article{fenchel,
	title={Learning {c}lassifiers with {F}enchel-{Y}oung {l}osses: {G}eneralized {e}ntropies, {m}argins, and {a}lgorithms},
	author={Blondel, Mathieu and Martins, Andr{\'e} FT and Niculae, Vlad},
	journal={arXiv:1805.09717},
	year={2018}
}
@book{boyd2004convex,
	title={Convex {O}ptimization},
	author={Boyd, Stephen and Vandenberghe, Lieven},
	year={2004},
	publisher={Cambridge university press}
}
@inproceedings{muzellec2017tsallis,
	title={Tsallis regularized optimal transport and ecological inference},
	author={Muzellec, Boris and Nock, Richard and Patrini, Giorgio and Nielsen, Frank},
	booktitle={Association for the Advancement of Artificial Intelligence},
	pages={2387--2393},
	year={2017}
}
@article{bregman,
	title={Iterative {B}regman {p}rojections for {r}egularized {t}ransportation {p}roblems},
	author={Benamou, Jean-David and Carlier, Guillaume and Cuturi, Marco and Nenna, Luca and Peyr{\'e}, Gabriel},
	journal={SIAM Journal on Scientific Computing},
	volume={37},
	number={2},
	pages={A1111--A1138},
	year={2015},
	publisher={SIAM}
}
@article{hoffman1981method,
	title={A {m}ethod for {g}lobally {m}inimizing {c}oncave {f}unctions over {c}onvex {s}ets},
	author={Hoffman, Karla Leigh},
	journal={Mathematical Programming},
	volume={20},
	number={1},
	pages={22--32},
	year={1981},
	publisher={Springer}
}
@book{bonnans2013perturbation,
	title={Perturbation {A}nalysis of {O}ptimization {P}roblems},
	author={Bonnans, J Fr{\'e}d{\'e}ric and Shapiro, Alexander},
	year={2013},
	publisher={Springer Science \& Business Media}
}
@article{mishra2014theoretical,
	title={On {t}heoretical and {e}mpirical {a}spects of {m}arginal {d}istribution {c}hoice {m}odels},
	author={Mishra, Vinit Kumar and Natarajan, Karthik and Padmanabhan, Dhanesh and Teo, Chung-Piaw and Li, Xiaobo},
	journal={Management Science},
	volume={60},
	number={6},
	pages={1511--1531},
	year={2014},
	publisher={INFORMS}
}
@article{mak2015appointment,
	title={Appointment {s}cheduling with {l}imited {d}istributional {i}nformation},
	author={Mak, Ho-Yin and Rong, Ying and Zhang, Jiawei},
	journal={Management Science},
	volume={61},
	number={2},
	pages={316--334},
	year={2015},
	publisher={INFORMS}
}

@article{qi2019product,
  title={Product-{l}ine {p}ricing {u}nder {d}iscrete {m}ixed {m}ultinomial {l}ogit {d}emand},
  author={Hongmin Li and Scott Webster and N. Mason and K. Kempf},
  journal={Manufacturing and Service Operations Management},
  year={2019},
  volume={21},
  pages={14-28}
}

@article{ahipacsaouglu2016flexibility,
	title={On the {f}lexibility of {u}sing {m}arginal {d}istribution {c}hoice {m}odels in {t}raffic {e}quilibrium},
	author={Ahipa{\c{s}}ao{\u{g}}lu, Selin Damla and Ar{\i}kan, U{\u{g}}ur and Natarajan, Karthik},
	journal={Transportation Research Part B: Methodological},
	volume={91},
	pages={130--158},
	year={2016},
	publisher={Elsevier}
}

@incollection{mcfadden1981econometric,
	year={1981},
	booktitle={Structural Analysis of Discrete Data with Econometric Application},
	title={Econometric models of probabilistic choice},
	author={McFadden, Daniel},
	editor={Manski, Charles and McFadden, Daniel},
	pages={198--272},
	publisher={MIT Press}
}

@article{dyer1991computing,
	title={Computing the {v}olume of {c}onvex {b}odies: {A} {c}ase {w}here {r}andomness {p}rovably {h}elps},
	author={Dyer, Martin and Frieze, Alan},
	journal={Probabilistic combinatorics and its applications},
	volume={44},
	pages={123--170},
	year={1991},
	publisher={American Mathematical Soc.}
}
@inproceedings{applegate1991sampling,
	title={Sampling and integration of near log-concave functions},
	author={Applegate, David and Kannan, Ravi},
	booktitle={ACM symposium on Theory of computing},
	pages={156--163},
	year={1991}}
	
@book{lovasz1991compute,
	title={How to {C}ompute the {V}olume?},
	author={Lov{\'a}sz, L{\'a}szl{\'o}},
	year={1991},
	publisher={DIMACS, Center for Discrete Mathematics and Theoretical Computer Science}
}
@inproceedings{lovasz1990mixing,
	title={The mixing rate of Markov chains, an isoperimetric inequality, and computing the volume},
	author={Lov{\'a}sz, L{\'a}szl{\'o} and Simonovits, Mikl{\'o}s},
	booktitle={Proceedings [1990] 31st Annual Symposium on Foundations of Computer Science},
	pages={346--354},
	year={1990}
}

@article{lovasz1993random,
	title={Random walks in a {c}onvex {b}ody and an {i}mproved {v}olume {a}lgorithm},
	author={Lov{\'a}sz, L{\'a}szl{\'o} and Simonovits, Mikl{\'o}s},
	journal={Random structures \& algorithms},
	volume={4},
	number={4},
	pages={359--412},
	year={1993},
	publisher={Wiley Online Library}
}
@article{ahipasaoglu2018convex,
	title={A convex optimization approach for computing correlated choice probabilities with many alternatives},
	author={Ahipa{\c{s}}ao{\u{g}}lu, Selin Damla and Li, Xiaobo and Natarajan, Karthik},
	journal={IEEE Transactions on Automatic Control},
	volume={64},
	number={1},
	pages={190--205},
	year={2018}}
@article{hofbauer2002global,
	title={On the global convergence of stochastic fictitious play},
	author={Hofbauer, Josef and Sandholm, William H},
	journal={Econometrica},
	volume={70},
	number={6},
	pages={2265--2294},
	year={2002},
	publisher={Wiley Online Library}
}
@article{mishra2012choice,
	title={Choice {p}rediction with {s}emidefinite {o}ptimization when {u}tilities are {c}orrelated},
	author={Mishra, Vinit Kumar and Natarajan, Karthik and Tao, Hua and Teo, Chung-Piaw},
	journal={IEEE Transactions on Automatic Control},
	volume={57},
	number={10},
	pages={2450--2463},
	year={2012}}
@article{kannan1997random,
	title={Random walks and an {O}*(n5) volume algorithm for convex bodies},
	author={Kannan, Ravi and Lov{\'a}sz, L{\'a}szl{\'o} and Simonovits, Mikl{\'o}s},
	journal={Random Structures \& Algorithms},
	volume={11},
	number={1},
	pages={1--50},
	year={1997},
	publisher={Wiley Online Library}
}
@article{nesterov2013first,
	title={On first-order algorithms for {$l_1/$}nuclear norm minimization},
	author={Nesterov, Yurii and Nemirovski, Arkadi},
	journal={Acta Numerica},
	volume={22},
	pages={509--575},
	year={2013},
	publisher={Cambridge University Press}
}
@article{cevher2014convex,
	title={Convex optimization for big data: Scalable, randomized, and parallel algorithms for big data analytics},
	author={Cevher, Volkan and Becker, Stephen and Schmidt, Mark},
	journal={IEEE Signal Processing Magazine},
	volume={31},
	number={5},
	pages={32--43},
	year={2014},
	publisher={IEEE}
}
@book{de2000mathematical,
	title={Mathematical {M}ethods and {M}odels for {E}conomists},
	author={De la Fuente, Angel},
	year={2000},
	publisher={Cambridge University Press}
}

@article{keshavarzzadeh2018numerical,
	title={Numerical integration in multiple dimensions with designed quadrature},
	author={Keshavarzzadeh, Vahid and Kirby, Robert M and Narayan, Akil},
	journal={SIAM Journal on Scientific Computing},
	volume={40},
	number={4},
	pages={A2033--A2061},
	year={2018},
	publisher={SIAM}
}
@article{essid2018quadratically,
	title={Quadratically regularized optimal transport on graphs},
	author={Essid, Montacer and Solomon, Justin},
	journal={SIAM Journal on Scientific Computing},
	volume={40},
	number={4},
	pages={A1961--A1986},
	year={2018},
	publisher={SIAM}
}
@incollection{khachiyan1993complexity,
	title={Complexity of polytope volume computation},
	author={Khachiyan, Leonid},
	booktitle={New trends in discrete and computational geometry},
	pages={91--101},
	year={1993},
	publisher={Springer}
}
@article{dyer1991random,
	title={A random polynomial-time algorithm for approximating the volume of convex bodies},
	author={Dyer, Martin and Frieze, Alan and Kannan, Ravi},
	journal={Journal of the ACM (JACM)},
	volume={38},
	number={1},
	pages={1--17},
	year={1991},
	publisher={ACM}
}
@InProceedings{weed2018explicit, title = {An explicit analysis of the entropic penalty in linear programming}, author = {Weed, Jonathan}, booktitle = { Conference On Learning Theory}, pages = {1841--1855}, year = {2018} }
@article{tsallis1988possible,
	title={Possible generalization of {B}oltzmann-{G}ibbs statistics},
	author={Tsallis, Constantino},
	journal={Journal of Statistical Physics},
	volume={52},
	number={1-2},
	pages={479--487},
	year={1988},
	publisher={Springer}
}
@article{cichocki2010families,
	title={Families of alpha-beta-and gamma-divergences: Flexible and robust measures of similarities},
	author={Cichocki, Andrzej and Amari, Shun-ichi},
	journal={Entropy},
	volume={12},
	number={6},
	pages={1532--1568},
	year={2010},
	publisher={Molecular Diversity Preservation International}
}
@article{nielsen2011r,
	title={On {R}\'enyi and {T}sallis entropies and divergences for exponential families},
	author={Nielsen, Frank and Nock, Richard},
	journal={arXiv:1105.3259},
	year={2011}
}
@book{villani,
	title={Optimal {T}ransport: {O}ld and {N}ew},
	author={Villani, C{\'e}dric},
	year={2008},
	publisher={Springer Science \& Business Media}
}
@article{goldensearch,
	title={Golden section search in one dimension},
	author={Press, William H and Teukolsky, Saul A and Vetterling, William T and Flannery, Brian P},
	journal={Numerical Recipes in C: The Art of Scientific Computing},
	pages={2},
	year={1992},
	publisher={Cambridge University Press Cambridge}
}
@article{dyer1988complexity,
	title={On the complexity of computing the volume of a polyhedron},
	author={Dyer, Martin E. and Frieze, Alan M.},
	journal={SIAM Journal on Computing},
	volume={17},
	number={5},
	pages={967--974},
	year={1988},
	publisher={SIAM}
}
@article{cuturi2018semidual,
	title={Semidual regularized optimal transport},
	author={Cuturi, Marco and Peyr{\'e}, Gabriel},
	journal={SIAM Review},
	volume={60},
	number={4},
	pages={941--965},
	year={2018},
	publisher={SIAM}
}
@article{embrechts2013note,
	title={A note on generalized inverses},
	author={Embrechts, Paul and Hofert, Marius},
	journal={Mathematical Methods of Operations Research},
	volume={77},
	number={3},
	pages={423--432},
	year={2013},
	publisher={Springer}
}
@article{adler2017learning,
	title={Learning to solve inverse problems using {W}asserstein loss},
	author={Adler, Jonas and Ringh, Axel and {\"O}ktem, Ozan and Karlsson, Johan},
	journal={arXiv:1710.10898},
	year={2017}
}
@article{gallouet2018lagrangian,
	title={A {L}agrangian scheme {\`a} la {B}renier for the incompressible {E}uler equations},
	author={Gallou{\"e}t, Thomas O and M{\'e}rigot, Quentin},
	journal={Foundations of Computational Mathematics},
	volume={18},
	number={4},
	pages={835--865},
	year={2018},
	publisher={Springer}
}
@article{de2015power,
	title={Power particles: {A}n incompressible fluid solver based on power diagrams.},
	author={de Goes, Fernando and Wallez, Corentin and Huang, Jin and Pavlov, Dmitry and Desbrun, Mathieu},
	journal={ACM Transactions on Graphics},
	volume={34},
	number={4},
	pages={50:1--50:11},
	year={2015}
}

@book{anderson1992discrete,
	title={Discrete {C}hoice {T}heory of {P}roduct {D}ifferentiation},
	author={Anderson, Simon P and De Palma, Andre and Thisse, Jacques-Francois},
	year={1992},
	publisher={MIT press}
}

@article{kitagawa2016convergence,
	title={Convergence of a {N}ewton algorithm for semi-discrete optimal transport},
	author={Kitagawa, Jun and M{\'e}rigot, Quentin and Thibert, Boris},
	journal={arXiv:1603.05579},
	year={2016}
}

@article{levy2015numerical,
	title={A numerical algorithm for {$L_2$} semi-discrete optimal transport in 3{D}},
	author={L{\'e}vy, Bruno},
	journal={ESAIM: Mathematical Modelling and Numerical Analysis},
	volume={49},
	number={6},
	pages={1693--1715},
	year={2015},
	publisher={EDP Sciences}
}

@article{mirebeau2015discretization,
	title={Discretization of the 3d Monge-Amp\`{e}re operator, between wide stencils and power diagrams},
	author={Mirebeau, Jean-Marie},
	journal={ESAIM: Mathematical Modelling and Numerical Analysis},
	volume={49},
	number={5},
	pages={1511--1523},
	year={2015},
	publisher={EDP Sciences}
}

@article{hartmann2017semi,
	title={Semi-discrete optimal transport-the case p= 1},
	author={Hartmann, Valentin and Schuhmacher, Dominic},
	journal={arXiv:1706.07650},
	year={2017}
}

@article{ambrogioni2018wasserstein,
	title={Wasserstein variational gradient descent: From semi-discrete optimal transport to ensemble variational inference},
	author={Ambrogioni, Luca and Guclu, Umut and Gucluturk, Yagmur and van Gerven, Marcel},
	journal={arXiv:1811.02827},
	year={2018}
}

@article{aurenhammer1998minkowski,
	title={Minkowski-type theorems and least-squares clustering},
	author={Aurenhammer, Franz and Hoffmann, Friedrich and Aronov, Boris},
	journal={Algorithmica},
	volume={20},
	number={1},
	pages={61--76},
	year={1998},
	publisher={Springer}
}

@article{merigot2011multiscale,
    title={A Multiscale Approach to Optimal Transport},
    author={M{\'e}rigot, Quentin},
    journal={Computer Graphics Forum},
    volume={5},
    number={30},
    pages={1583--1592},
    year={2011}
}

@article{kuhn1955hungarian,
	title={The {H}ungarian method for the assignment problem},
	author={Kuhn, Harold W},
	journal={Naval Research Logistics Quarterly},
	volume={2},
	number={1-2},
	pages={83--97},
	year={1955},
	publisher={Wiley Online Library}
}

@article{de2012blue,
	title={Blue noise through optimal transport},
	author={De Goes, Fernando and Breeden, Katherine and Ostromoukhov, Victor and Desbrun, Mathieu},
	journal={ACM Transactions on Graphics},
	volume={31},
	number={6},
	pages={171},
	year={2012},
	publisher={ACM}
}


@article{alfonsi2017sampling,
	title={Sampling of probability measures in the convex order and approximation of Martingale Optimal Transport problems},
	author={Alfonsi, Aur{\'e}lien and Corbetta, Jacopo and Jourdain, Benjamin},
	journal={Available at SSRN 3072356},
	year={2017}
}

@article{rujeerapaiboon2018scenario,
	title={Scenario reduction revisited: {F}undamental limits and guarantees},
	author={Rujeerapaiboon, Napat and Schindler, Kilian and Kuhn, Daniel and Wiesemann, Wolfram},
	journal={Mathematical Programming},
	note={Forthcoming},
	year={2018},
	publisher={Springer}
}

@article{qin2017wasserstein,
	title={Wasserstein blue noise sampling},
	author={Qin, Hongxing and Chen, Yi and He, Jinlong and Chen, Baoquan},
	journal={ACM Transactions on Graphics},
	volume={36},
	number={4},
    pages={1--14},
	year={2017},
	publisher={ACM}
}

@incollection{pflug2011approximations,
	title={Approximations for probability distributions and stochastic optimization problems},
	author={Pflug, Georg Ch and Pichler, Alois},
	booktitle={Stochastic optimization methods in finance and energy},
	pages={343--387},
	year={2011},
	publisher={Springer}
}

@article{bonnotte2013knothe,
	title={From {K}nothe's rearrangement to {B}renier's optimal transport map},
	author={Bonnotte, Nicolas},
	journal={SIAM Journal on Mathematical Analysis},
	volume={45},
	number={1},
	pages={64--87},
	year={2013},
	publisher={SIAM}
}

@article{carlier2010knothe,
	title={From {K}nothe's transport to {B}renier's map and a continuation method for optimal transport},
	author={Carlier, Guillaume and Galichon, Alfred and Santambrogio, Filippo},
	journal={SIAM Journal on Mathematical Analysis},
	volume={41},
	number={6},
	pages={2554--2576},
	year={2010},
	publisher={SIAM}
}

@book{bertsekas1998network,
	title={Network optimization: {C}ontinuous and {D}iscrete {M}odels},
	author={Bertsekas, Dimitri P},
	year={1998},
	publisher={Athena Scientific}
}

@book{brualdi2006combinatorial,
	title={Combinatorial {M}atrix {C}lasses},
	author={Brualdi, Richard A},
	year={2006},
	publisher={Cambridge University Press}
}

@article{bertsekas1992auction,
	title={Auction algorithms for network flow problems: {A} tutorial introduction},
	author={Bertsekas, Dimitri P},
	journal={Computational Optimization and Applications},
	volume={1},
	number={1},
	pages={7--66},
	year={1992},
	publisher={Springer}
}

@article{bertsekas1981new,
	title={A new algorithm for the assignment problem},
	author={Bertsekas, Dimitri P},
	journal={Mathematical Programming},
	volume={21},
	number={1},
	pages={152--171},
	year={1981},
	publisher={Springer}
}

@book{bertsimas1997introduction,
	title={Introduction to {L}inear {O}ptimization},
	author={Bertsimas, Dimitris and Tsitsiklis, John N},
	year={1997},
	publisher={Athena Scientific Belmont}
}

@inproceedings{murez2018image,
	title={Image to image translation for domain adaptation},
	author={Murez, Zak and Kolouri, Soheil and Kriegman, David and Ramamoorthi, Ravi and Kim, Kyungnam},
	booktitle={ IEEE Conference on Computer Vision and Pattern Recognition},
	pages={4500--4509},
	year={2018}
}

@inproceedings{NIPS2015_5745,
	title={Distributionally robust logistic regression},
	author={Shafieezadeh-Abadeh, Soroosh and Mohajerin Esfahani, Peyman and Kuhn, Daniel},
	booktitle={Advances in Neural Information Processing Systems},
	pages={1576--1584},
	year={2015}
}

@inproceedings{abadeh2018wasserstein,
	title={Wasserstein distributionally robust kalman filtering},
	author={Shafieezadeh-Abadeh, Soroosh and Nguyen, Viet Anh and Kuhn, Daniel and Mohajerin Esfahani, Peyman},
	booktitle={Advances in Neural Information Processing Systems},
	pages={8474--8483},
	year={2018}
}

@article{shafieezadeh2019regularization,
    title={Regularization via Mass Transportation},
    author={Shafieezadeh-Abadeh, Soroosh and Kuhn, Daniel and Esfahani, Peyman Mohajerin},
    journal={Journal of Machine Learning Research},
    volume={20},
    number={103},
    pages={1--68},
    year={2019}
}

@inproceedings{gao2018robust,
	title={Robust hypothesis testing using {W}asserstein uncertainty sets},
	author={Gao, Rui and Xie, Liyan and Xie, Yao and Xu, Huan},
	booktitle={Advances in Neural Information Processing Systems},
	pages={7902--7912},
	year={2018}
}

@inproceedings{lee2018minimax,
	title={Minimax statistical learning with {W}asserstein distances},
	author={Lee, Jaeho and Raginsky, Maxim},
	booktitle={Advances in Neural Information Processing Systems},
	pages={2687--2696},
	year={2018}
}


@article{thorpe2017transportation,
	title={A Transportation {$L^p$} Distance for Signal Analysis},
	author={Thorpe, Matthew and Park, Serim and Kolouri, Soheil and Rohde, Gustavo K and Slep{\v{c}}ev, Dejan},
	journal={Journal of Mathematical Imaging and Vision},
	volume={59},
	number={2},
	pages={187--210},
	year={2017},
	publisher={Springer}
}

@inproceedings{gulrajani2017improved,
	title={Improved training of {W}asserstein {G}ans},
	author={Gulrajani, Ishaan and Ahmed, Faruk and Arjovsky, Martin and Dumoulin, Vincent and Courville, Aaron C},
	booktitle={Advances in Neural Information Processing Systems},
	pages={5767--5777},
	year={2017}
}

@InProceedings{genevay2017learning, title = {Learning Generative Models with {S}inkhorn Divergences}, author = {Aude Genevay and Gabriel Peyr{\'e} and Marco Cuturi}, booktitle = {Artificial Intelligence and Statistics}, pages = {1608--1617}, year = {2018} }

@article{salimans2018improving,
	title={Improving {GAN}s using optimal transport},
	author={Salimans, Tim and Zhang, Han and Radford, Alec and Metaxas, Dimitris},
	journal={arXiv:1803.05573},
	year={2018}
}

@article{flamary2018wasserstein,
	title={Wasserstein discriminant analysis},
	author={Flamary, R{\'e}mi and Cuturi, Marco and Courty, Nicolas and Rakotomamonjy, Alain},
	journal={Machine Learning},
	volume={107},
	number={12},
	pages={1923--1945},
	year={2018},
	publisher={Springer}
}


@article{seguy2017large,
	title={Large-scale optimal transport and mapping estimation},
	author={Seguy, Vivien and Damodaran, Bharath Bhushan and Flamary, R{\'e}mi and Courty, Nicolas and Rolet, Antoine and Blondel, Mathieu},
	journal={International Conference on Learning Representations},
	year={2018}
}

@article{peyre2017quantum,
	title={Quantum entropic regularization of matrix-valued optimal transport},
	author={Peyr{\'e}, Gabriel and Chizat, L{\'E}NA{\"I}C and Vialard, Fran{\c{c}}ois-Xavier and Solomon, Justin},
	journal={European Journal of Applied Mathematics},
	pages={1--24},
	year={2017},
	publisher={Cambridge University Press}
}

@article{peyre2015entropic,
	title={Entropic approximation of {W}asserstein gradient flows},
	author={Peyr{\'e}, Gabriel},
	journal={SIAM Journal on Imaging Sciences},
	volume={8},
	number={4},
	pages={2323--2351},
	year={2015},
	publisher={SIAM}
}

@article{karlsson2017generalized,
	title={Generalized {S}inkhorn iterations for regularizing inverse problems using optimal mass transport},
	author={Karlsson, Johan and Ringh, Axel},
	journal={SIAM Journal on Imaging Sciences},
	volume={10},
	number={4},
	pages={1935--1962},
	year={2017},
	publisher={SIAM}
}

@article{benamou2000computational,
	title={A computational fluid mechanics solution to the {M}onge-{K}antorovich mass transfer problem},
	author={Benamou, Jean-David and Brenier, Yann},
	journal={Numerische Mathematik},
	volume={84},
	number={3},
	pages={375--393},
	year={2000},
	publisher={Springer}
}

@article{santambrogio2015optimal,
	title={Optimal transport for applied mathematicians},
	author={Santambrogio, Filippo},
	journal={Birk{\"a}user},
	volume={55},
	pages={58--63},
	year={2015},
	publisher={Springer}
}

@misc{galichon2017survey,
	title={A survey of some recent applications of optimal transport methods to econometrics},
	author={Galichon, Alfred},
	year={2017},
	publisher={Oxford University Press Oxford}
}

@book{villani2003topics,
	title={Topics in {O}ptimal {T}ransportation},
	author={Villani, C{\'e}dric},
	year={2003},
	publisher={American Mathematical Soc.}
}

@article{dessein2018regularized,
	title={Regularized optimal transport and the rot mover's distance},
	author={Dessein, Arnaud and Papadakis, Nicolas and Rouas, Jean-Luc},
	journal={Journal of Machine Learning Research},
	volume={19},
	number={1},
	pages={590--642},
	year={2018},
	publisher={JMLR. org}
}

@article{peyre2019computational,
	title={Computational optimal transport},
	author={Peyr{\'e}, Gabriel and Cuturi, Marco},
	journal={Foundations and Trends in Machine Learning},
	volume={11},
	number={5-6},
	pages={355--607},
	year={2019},
	publisher={Now Publishers}
}

@book{luenberger1984linear,
	title={Linear and {N}onlinear {P}rogramming},
	author={Luenberger, David G and Ye, Yinyu},
	year={1984},
	publisher={Springer}
}

@article{wang2017inexact,
	title={Inexact proximal stochastic gradient method for convex composite optimization},
	author={Wang, Xiao and Wang, Shuxiong and Zhang, Hongchao},
	journal={Computational Optimization and Applications},
	volume={68},
	number={3},
	pages={579--618},
	year={2017},
	publisher={Springer}
}
@article{ref:delalande2021nearly,
  title={Nearly Tight Convergence Bounds for Semi-discrete Entropic Optimal Transport},
  author={Delalande, Alex},
  journal={arXiv:2110.12678},
  year={2021}
}
@article{delalande2021nearly,
  title={Nearly Tight Convergence Bounds for Semi-discrete Entropic Optimal Transport},
  author={Delalande, Alex},
  journal={arXiv preprint arXiv:2110.12678},
  year={2021}
}

@article{ref:altschuler2022asymptotics,
author = {Altschuler, Jason M. and Niles-Weed, Jonathan and Stromme, Austin J.},
title = {Asymptotics for Semidiscrete Entropic Optimal Transport},
journal = {SIAM Journal on Mathematical Analysis},
volume = {54},
number = {2},
pages = {1718-1741},
year = {2022}
}
@inproceedings{schmidt2011convergence,
	title={Convergence rates of inexact proximal-gradient methods for convex optimization},
	author={Schmidt, Mark and Roux, Nicolas L and Bach, Francis},
	booktitle={Advances in Neural Information Processing Systems},
	pages={1458--1466},
	year={2011}
}

@article{ref:chizat2020faster,
  title={Faster {W}asserstein distance estimation with the {S}inkhorn divergence},
  author={Chizat, Lenaic and Roussillon, Pierre and L{\'e}ger, Flavien and Vialard, Fran{\c{c}}ois-Xavier and Peyr{\'e}, Gabriel},
  journal={Advances in Neural Information Processing Systems},
  pages={2257--2269},
  year={2020}
}
@article{ref:conforti2021formula,
  title={A formula for the time derivative of the entropic cost and applications},
  author={Conforti, Giovanni and Tamanini, Luca},
  journal={Journal of Functional Analysis},
  volume={280},
  number={11},
  year={2021},
  publisher={Elsevier}
}


@article{ref:erbar2015large,
  title={From large deviations to {W}asserstein gradient flows in multiple dimensions},
  author={Erbar, Matthias and Maas, Jan and Renger, Michiel},
  journal={Electronic Communications in Probability},
  volume={20},
  pages={1--12},
  year={2015},
  publisher={Institute of Mathematical Statistics and Bernoulli Society}
}

@article{li2016fast,
	title={A fast algorithm for earth mover's distance based on optimal transport and ${l_1}$ type Regularization},
	author={Li, Wuchen and Osher, Stanley and Gangbo, Wilfrid},
	journal={arXiv:1609.07092},
	year={2016}
}

@article{ref:pal2019difference,
  title={On the difference between entropic cost and the optimal transport cost},
  author={Pal, Soumik},
  journal={arXiv preprint arXiv:1905.12206},
  year={2019}
}

@article{ref:taskesen2022discrete,
  title={Discrete Optimal Transport with Independent Marginals is$\#$ P-Hard},
  author={Ta{\c{s}}kesen, Bahar and Shafieezadeh-Abadeh, Soroosh and Kuhn, Daniel and Natarajan, Karthik},
  journal={arXiv:2203.01161},
  year={2022}
}

@book{schrijver1998theory,
	title={Theory of Linear and Integer Programming},
	author={Schrijver, Alexander},
	year={1998},
	publisher={John Wiley \& Sons}
}

@inproceedings{sinkhorn,
	title = {Sinkhorn Distances: {L}ightspeed Computation of Optimal Transport},
	author = {Cuturi, Marco},
	booktitle = {Advances in Neural Information Processing Systems},
	pages = {2292--2300},
	year = {2013}
}

%%%%%%%%%%%% SGD References %%%%%%%%%%%%
@article{lan2012optimal,
	title={An optimal method for stochastic composite optimization},
	author={Lan, Guanghui},
	journal={Mathematical Programming},
	volume={133},
	number={1-2},
	pages={365--397},
	year={2012},
	publisher={Springer}
}

@article{srebro2010optimistic,
	title={Optimistic rates for learning with a smooth loss},
	author={Srebro, Nathan and Sridharan, Karthik and Tewari, Ambuj},
	journal={arXiv:1009.3896},
	year={2010}
}

@inproceedings{shamir2013stochastic,
	title={Stochastic gradient descent for non-smooth optimization: Convergence results and optimal averaging schemes},
	author={Shamir, Ohad and Zhang, Tong},
	booktitle={International Conference on Machine Learning},
	pages={71--79},
	year={2013}
}

@article{bubeck2015convex,
	title={Convex optimization: Algorithms and complexity},
	author={Bubeck, S{\'e}bastien},
	journal={Foundations and Trends in Machine Learning},
	volume={8},
	number={3-4},
	pages={231--357},
	year={2015},
	publisher={Now Publishers}
}

@article{dekel2012optimal,
	title={Optimal distributed online prediction using mini-batches},
	author={Dekel, Ofer and Gilad-Bachrach, Ran and Shamir, Ohad and Xiao, Lin},
	journal={Journal of Machine Learning Research},
	volume={13},
	pages={165--202},
	year={2012}
}

@inproceedings{tsybakov2003optimal,
	title={Optimal rates of aggregation},
	author={Tsybakov, Alexandre B},
	booktitle={Conference on Learning Theory},
	pages={303--313},
	year={2003}
}

@article{marteau2019beyond,
	title={Beyond least-squares: {F}ast rates for regularized empirical risk minimization through self-concordance},
	author={Marteau-Ferey, Ulysse and Ostrovskii, Dmitrii and Bach, Francis and Rudi, Alessandro},
	journal={arXiv:1902.03046},
	year={2019}
}

@article{bach2013adaptivity,
  title={Adaptivity of Averaged Stochastic Gradient Descent to Local Strong Convexity for Logistic Regression},
  author={Bach, Francis},
  journal={Journal of Machine Learning Research},
  volume={15},
  number={19},
  pages={595--627},
  year={2014}
}

@article{bach2010self,
	title={Self-concordant analysis for logistic regression},
	author={Bach, Francis},
	journal={Electronic Journal of Statistics},
	volume={4},
	pages={384--414},
	year={2010},
	publisher={The Institute of Mathematical Statistics and the Bernoulli Society}
}

@inproceedings{hazan2014logistic,
	title={Logistic regression: {T}ight bounds for stochastic and online optimization},
	author={Hazan, Elad and Koren, Tomer and Levy, Kfir Y},
	booktitle={Conference on Learning Theory},
	pages={197--209},
	year={2014}
}

@inproceedings{bach2013non,
	title={{Non-strongly-convex smooth stochastic approximation with convergence rate $O(1/n)$}},
	author={Bach, Francis and Moulines, Eric},
	booktitle={Advances in Neural Information Processing Systems},
	pages={773--781},
	year={2013}
}

@inproceedings{moulines2011non,
	title={Non-asymptotic analysis of stochastic approximation algorithms for machine learning},
	author={Moulines, Eric and Bach, Francis},
	booktitle={Advances in Neural Information Processing Systems},
	pages={451--459},
	year={2011}
}

@article{shapiro2017distributionally,
author = {Shapiro, Alexander},
title = {Distributionally Robust Stochastic Programming},
journal = {SIAM Journal on Optimization},
volume = {27},
number = {4},
pages = {2258--2275},
year = {2017}}

@article{nemirovski2009robust,
	title={Robust stochastic approximation approach to stochastic programming},
	author={Nemirovski, Arkadi and Juditsky, Anatoli and Lan, Guanghui and Shapiro, Alexander},
	journal={SIAM Journal on Optimization},
	volume={19},
	number={4},
	pages={1574--1609},
	year={2009}
}

@techreport{ruppert1988efficient,
	title={Efficient estimations from a slowly convergent {R}obbins-{M}onro process},
	author={Ruppert, David},
	year={1988},
	institution={School of Operations Research and Industrial Engineering, Cornell University}
}

@article{ghadimi2012optimal,
	title={Optimal stochastic approximation algorithms for strongly convex stochastic composite optimization {I}: {A} generic algorithmic framework},
	author={Ghadimi, Saeed and Lan, Guanghui},
	journal={SIAM Journal on Optimization},
	volume={22},
	number={4},
	pages={1469--1492},
	year={2012}
}

@article{robbins1951stochastic,
	title={A stochastic approximation method},
	author={Robbins, Herbert and Monro, Sutton},
	journal={The Annals of Mathematical Statistics},
    volume={22}, 
    number={3},
	pages={400--407},
	year={1951}
}

@article{shalev2011pegasos,
	title={Pegasos: {P}rimal estimated sub-gradient solver for {SVM}},
	author={Shalev-Shwartz, Shai and Singer, Yoram and Srebro, Nathan and Cotter, Andrew},
	journal={Mathematical programming},
	volume={127},
	number={1},
	pages={3--30},
	year={2011}
}

@inproceedings{shalev2009stochastic,
	title={Stochastic Convex Optimization},
	author={Shalev-Shwartz, Shai and Shamir, Ohad and Srebro, Nathan and Sridharan, Karthik},
	booktitle={Conference on Learning Theory},
	year={2009}
}

@article{d2008smooth,
	title={Smooth optimization with approximate gradient},
	author={d'Aspremont, Alexandre},
	journal={SIAM Journal on Optimization},
	volume={19},
	number={3},
	pages={1171--1183},
	year={2008}
}

@article{pinelis1994optimum,
  title={Optimum bounds for the distributions of martingales in {B}anach spaces},
  author={Pinelis, Iosif},
  journal={The Annals of Probability},
  volume={22},
  number={4},
  pages={1679--1706},
  year={1994}
}

@article{devolder2014first,
	title={First-order methods of smooth convex optimization with inexact oracle},
	author={Devolder, Olivier and Glineur, Fran{\c{c}}ois and Nesterov, Yurii},
	journal={Mathematical Programming},
	volume={146},
	number={1-2},
	pages={37--75},
	year={2014},
	publisher={Springer}
}

@incollection{nedic2001convergence,
	title={Convergence rate of incremental subgradient algorithms},
	author={Nedi{\'c}, Angelia and Bertsekas, Dimitri},
	editor={S. Uryasev and P. M. Pardalos},
	booktitle={Stochastic Optimization: Algorithms and Applications},
	pages={263--304},
	year={2000},
	publisher={Kluwer Academic Publishers}
}

@article{luo1993error,
	title={Error bounds and convergence analysis of feasible descent methods: {A} general approach},
	author={Luo, Zhi-Quan and Tseng, Paul},
	journal={Annals of Operations Research},
	volume={46},
	number={1},
	pages={157--178},
	year={1993},
	publisher={Springer}
}

@article{friedlander2012hybrid,
	title={Hybrid deterministic-stochastic methods for data fitting},
	author={Friedlander, Michael P and Schmidt, Mark},
	journal={SIAM Journal on Scientific Computing},
	volume={34},
	number={3},
	pages={A1380--A1405},
	year={2012},
	publisher={SIAM}
}
@inproceedings{cohen2018acceleration,
	title={On Acceleration with Noise-Corrupted Gradients},
	author={Cohen, Michael and Diakonikolas, Jelena and Orecchia, Lorenzo},
	booktitle={International Conference on Machine Learning},
	pages={1019--1028},
	year={2018}
}

@inproceedings{kavis2019unixgrad,
	title={{UniXGrad: A universal, adaptive algorithm with optimal guarantees for constrained optimization}},
	author={Kavis, Ali and Levy, Kfir Y and Bach, Francis and Cevher, Volkan},
	booktitle={Advances in Neural Information Processing Systems},
	pages={6257--6266},
	year={2019}
}

@inproceedings{vaswani2019fast,
	title={Fast and Faster Convergence of {SGD} for Over-Parameterized Models and an Accelerated Perceptron},
	author={Vaswani, Sharan and Bach, Francis and Schmidt, Mark},
	booktitle={Artificial Intelligence and Statistics},
	pages={1195--1204},
	year={2019}
}

@article{nesterov2008confidence,
	title={Confidence level solutions for stochastic programming},
	author={Nesterov, Y and Vial, J P},
	journal={Automatica},
	volume={44},
	number={6},
	pages={1559--1568},
	year={2008},
	publisher={Elsevier}
}


@inproceedings{xiao2010dual,
 author = {Xiao, Lin},
 booktitle = {Advances in Neural Information Processing Systems},
 pages = {2116--2124},
 title = {Dual Averaging Method for Regularized Stochastic Learning and Online Optimization},
 year = {2009}
}

@article{duchi2009efficient,
  title={Efficient online and batch learning using forward backward splitting},
  author={Duchi, John and Singer, Yoram},
  journal={The Journal of Machine Learning Research},
  volume={10},
  pages={2899--2934},
  number={99},
  year={2009},
  publisher={JMLR. org}
}
@article{lacoste2012simpler,
	title={A simpler approach to obtaining an {$\mathcal O (1/t)$} convergence rate for the projected stochastic subgradient method},
	author={Lacoste-Julien, Simon and Schmidt, Mark and Bach, Francis},
	journal={arXiv:1212.2002},
	year={2012}
}

@book{nesterov1994interior,
	title={Interior-{P}oint {P}olynomial {A}lgorithms in {C}onvex {P}rogramming},
	author={Nesterov, Yurii and Nemirovskii, Arkadii},
	year={1994},
	publisher={SIAM}
}

@article{sun2019generalized,
	title={Generalized self-concordant functions: {A} recipe for {N}ewton-type methods},
	author={Sun, Tianxiao and Tran-Dinh, Quoc},
	journal={Mathematical Programming},
	volume={178},
	number={1-2},
	pages={145--213},
	year={2019},
	publisher={Springer}
}

@book{boucheron2013concentration,
    title={Concentration {I}nequalities: {A} {N}onasymptotic {T}heory of {I}ndependence},
    author={Boucheron, St{\'e}phane and Lugosi, G{\'a}bor and Massart, Pascal},
    year={2013},
    publisher={Oxford University Press}
}

@book{follmer2004stochastic,
    title={Stochastic Finance: {A}n Introduction in Discrete Time},
    author={F{\"o}llmer, Hans and Schied, Alexander},
    year={2004},
    publisher={Walter de Gruyter}
}

@book{rudin1964principles,
    title={Principles of {M}athematical {A}nalysis},
    author={Rudin, Walter},
    year={1964},
    publisher={McGraw-Hill Education}
}

@article{ajalloeian2020analysis,
  title={Analysis of {SGD} with Biased Gradient Estimators},
  author={Ajalloeian, Ahmad and Stich, Sebastian U},
  journal={arXiv:2008.00051},
  year={2020}
}

@article{hu2020analysis,
  title={Analysis of biased stochastic gradient descent using sequential semidefinite programs},
  author={Hu, Bin and Seiler, Peter and Lessard, Laurent},
  journal={Mathematical Programming},
  pages={1--26},
  note={Forthcoming},
  year={2020}}
  
@article{tibshirani1996regression,
    title={Regression shrinkage and selection via the lasso},
    author={Tibshirani, Robert},
    journal={Journal of the Royal Statistical Society: Series B},
    volume={58},
    number={1},
    pages={267--288},
    year={1996},
    publisher={Wiley Online Library}
}

@inproceedings{paty2020regularized,
    title={Regularized Optimal Transport is Ground Cost Adversarial},
    author={Paty, Fran{\c{c}}ois-Pierre and Cuturi, Marco},
    booktitle={International Conference on Machine Learning},
    pages={7532--7542},
    year={2020},
    organization={PMLR}
}

@inproceedings{hazan2011beyond,
    title={Beyond the regret minimization barrier: an optimal algorithm for stochastic strongly-convex optimization},
    author={Hazan, Elad and Kale, Satyen},
    booktitle={Conference on Learning Theory},
    pages={421--436},
    year={2011}
}

@article{bachmany,
  title={{The many faces of integration by parts--I: Abel transformation}},
  author={Bach, Francis},
  journal={Available on \url{https://francisbach.com/integration-by-parts-abel-transformation/}},
  year={2021}
}