// Alecian++2019
// Fossil fields in intermediate-mass stars
@INPROCEEDINGS{2019EAS....82..345A,
       author = {{Alecian}, E. and {Villebrun}, F. and {Grunhut}, J. and {Hussain}, G. and
         {Neiner}, C. and {Wade}, G.~A.},
        title = "{Fossil magnetic fields in intermediate-mass and massive stars}",
    booktitle = {EAS Publications Series},
         year = "2019",
       series = {EAS Publications Series},
       volume = {82},
        month = "Jun",
        pages = {345-355},
          doi = {10.1051/eas/1982030},
       adsurl = {https://ui.adsabs.harvard.edu/abs/2019EAS....82..345A},
      adsnote = {Provided by the SAO/NASA Astrophysics Data System}
}

// Updated work on statistics of nearby magnetic BA stars
@ARTICLE{2019MNRAS.483.3127S,
   author = {{Sikora}, J. and {Wade}, G.~A. and {Power}, J. and {Neiner}, C.
	},
    title = "{A volume-limited survey of mCP stars within 100 pc II: rotational and magnetic properties}",
  journal = {\mnras},
archivePrefix = "arXiv",
   eprint = {1811.05635},
 primaryClass = "astro-ph.SR",
 keywords = {stars: chemically peculiar, stars: early-type, stars: magnetic field, stars: rotation},
     year = 2019,
    month = mar,
   volume = 483,
    pages = {3127-3145},
      doi = {10.1093/mnras/sty2895},
   adsurl = {http://adsabs.harvard.edu/abs/2019MNRAS.483.3127S},
  adsnote = {Provided by the SAO/NASA Astrophysics Data System}
}

// See++2019
// Filling factors from Bcool peeps.
@ARTICLE{2019ApJ...876..118S,
       author = {{See}, Victor and {Matt}, Sean P. and {Folsom}, Colin P. and
         {Boro Saikia}, Sudeshna and {Donati}, Jean-Francois and {Fares}, Rim and
         {Finley}, Adam J. and {H{\'e}brard}, {\'E}lodie M. and
         {Jardine}, Moira M. and {Jeffers}, Sandra V. and {Lehmann}, Lisa T. and
         {Marsden}, Stephen C. and {Mengel}, Matthew W. and {Morin}, Julien and
         {Petit}, Pascal and {Vidotto}, Aline A. and {Waite}, Ian A. and
         {The BCool Collaboration}},
        title = "{Estimating Magnetic Filling Factors from Zeemanâ”€Doppler Magnetograms}",
      journal = {\apj},
     keywords = {stars: low-mass, stars: magnetic field, stars: rotation, Astrophysics - Solar and Stellar Astrophysics},
         year = "2019",
        month = "May",
       volume = {876},
       number = {2},
          eid = {118},
        pages = {118},
          doi = {10.3847/1538-4357/ab1096},
archivePrefix = {arXiv},
       eprint = {1903.05595},
 primaryClass = {astro-ph.SR},
       adsurl = {https://ui.adsabs.harvard.edu/abs/2019ApJ...876..118S},
      adsnote = {Provided by the SAO/NASA Astrophysics Data System}
}

@ARTICLE{2019arXiv190305595S,
       author = {{See}, Victor and {Matt}, Sean P. and {Folsom}, Colin P. and
         {Boro Saikia}, Sudeshna and {Donati}, Jean-Francois and {Fares}, Rim and
         {Finley}, Adam J. and {Hebrard}, Elodie M. and {Jardine}, Moira M. and
         {Jeffers}, Sandra V. and {Lehmann}, Lisa T. and {Marsden}, Stephen C. and
         {Mengel}, Matthew W. and {Morin}, Julien and {Petit}, Pascal and
         {Vidotto}, Aline A. and {Waite}, Ian A. and {The BCool collaboration}},
        title = "{Estimating magnetic filling factors from Zeeman-Doppler magnetograms}",
      journal = {arXiv e-prints},
     keywords = {Astrophysics - Solar and Stellar Astrophysics},
         year = "2019",
        month = "Mar",
          eid = {arXiv:1903.05595},
        pages = {arXiv:1903.05595},
archivePrefix = {arXiv},
       eprint = {1903.05595},
 primaryClass = {astro-ph.SR},
       adsurl = {https://ui.adsabs.harvard.edu/abs/2019arXiv190305595S},
      adsnote = {Provided by the SAO/NASA Astrophysics Data System}
}

// ZDI and Zeeman broadening of TWA 6 and TWA 8A
@ARTICLE{2019MNRAS.tmp..410H,
       author = {{Hill}, C.~A. and {Folsom}, C.~P. and {Donati}, J. -F. and
         {Herczeg}, G.~J. and {Hussain}, G.~A.~J. and {Alencar}, S.~H.~P. and
         {Gregory}, S.~G.},
        title = "{Magnetic topologies of young suns: The weak-line T Tauri stars TWA 6 and TWA 8A}",
      journal = {\mnras},
     keywords = {stars: magnetic fields, techniques: polarimetric, stars: formation, stars: imaging, stars: individual: TWA 6, stars: individual: TWA 8A},
         year = "2019",
        month = "Feb",
        pages = {410},
          doi = {10.1093/mnras/stz403},
       adsurl = {https://ui.adsabs.harvard.edu/\#abs/2019MNRAS.tmp..410H},
      adsnote = {Provided by the SAO/NASA Astrophysics Data System}
}

// Kockukhov+Shulyak 2019
// YY Gem: ZDI and Zeeman intensification
@ARTICLE{2019ApJ...873...69K,
   author = {{Kochukhov}, O. and {Shulyak}, D.},
    title = "{Magnetic Field of the Eclipsing M-dwarf Binary YY Gem}",
  journal = {\apj},
archivePrefix = "arXiv",
   eprint = {1902.04157},
 primaryClass = "astro-ph.SR",
 keywords = {binaries: eclipsing, stars: activity, stars: fundamental parameters, stars: individual: YY Gem, stars: magnetic field},
     year = 2019,
    month = mar,
   volume = 873,
      eid = {69},
    pages = {69},
      doi = {10.3847/1538-4357/ab06c5},
   adsurl = {http://adsabs.harvard.edu/abs/2019ApJ...873...69K},
  adsnote = {Provided by the SAO/NASA Astrophysics Data System}
}

// Ulmer-Moll++2019
// Molecfit-Telfit-Tapas vs standard stars for CRIRES observation
@ARTICLE{2019A&A...621A..79U,
       author = {{Ulmer-Moll}, S. and {Figueira}, P. and {Neal}, J.~J. and
         {Santos}, N.~C. and {Bonnefoy}, M.},
        title = "{Telluric correction in the near-infrared: Standard star or synthetic transmission?}",
      journal = {\aap},
     keywords = {atmospheric effects, radiative transfer, instrumentation: spectrographs, methods: data analysis, techniques: spectroscopic, Astrophysics - Instrumentation and Methods for Astrophysics},
         year = "2019",
        month = "Jan",
       volume = {621},
          eid = {A79},
        pages = {A79},
          doi = {10.1051/0004-6361/201833282},
archivePrefix = {arXiv},
       eprint = {1811.08915},
 primaryClass = {astro-ph.IM},
       adsurl = {https://ui.adsabs.harvard.edu/\#abs/2019A&A...621A..79U},
      adsnote = {Provided by the SAO/NASA Astrophysics Data System}
}

// Villebrun++2019
// Spectropolarimetry of TTS
@ARTICLE{2019villebrun,
       author = {{Villebrun}, F. and {Alecian}, E. and {Hussain}, G. and {Bouvier}, J. and
         {Folsom}, C.~P. and {Lebreton}, Y. and {Amard}, L. and
         {Charbonnel}, C. and {Gallet}, F. and {Haemmerl{\'e}}, L. and
         {B{\"o}hm}, T. and {Johns-Krull}, C. and {Kochukhov}, O. and
         {Marsden}, S.~C. and {Morin}, J. and {Petit}, P.},
        title = "{Magnetic fields of intermediate-mass T Tauri stars. I. Magnetic detections and fundamental stellar parameters}",
      journal = {\aap},
     keywords = {stars: activity, stars: fundamental parameters, stars: magnetic field, stars: pre-main sequence, stars: variables: T Tauri, Herbig Ae/Be},
         year = "2019",
        month = "Feb",
       volume = {622},
          eid = {A72},
        pages = {A72},
          doi = {10.1051/0004-6361/201833545},
       adsurl = {https://ui.adsabs.harvard.edu/\#abs/2019A&A...622A..72V},
      adsnote = {Provided by the SAO/NASA Astrophysics Data System}
}

// GAIA 2018
// GAIA DR2
@ARTICLE{2018A&A...616A...1G,
       author = {{Gaia Collaboration} and {Brown}, A.~G.~A. and {Vallenari}, A. and
         {Prusti}, T. and {de Bruijne}, J.~H.~J. and {Babusiaux}, C. and
         {Bailer-Jones}, C.~A.~L. and {Biermann}, M. and {Evans}, D.~W.},
        title = "{Gaia Data Release 2. Summary of the contents and survey properties}",
      journal = {\aap},
     keywords = {catalogs, astrometry, techniques: radial velocities, stars: fundamental parameters, stars: variables: general, minor planets, asteroids: general, Astrophysics - Astrophysics of Galaxies, Astrophysics - Instrumentation and Methods for Astrophysics},
         year = "2018",
        month = "Aug",
       volume = {616},
          eid = {A1},
        pages = {A1},
          doi = {10.1051/0004-6361/201833051},
archivePrefix = {arXiv},
       eprint = {1804.09365},
 primaryClass = {astro-ph.GA},
       adsurl = {https://ui.adsabs.harvard.edu/\#abs/2018A&A...616A...1G},
      adsnote = {Provided by the SAO/NASA Astrophysics Data System}
}


// Nicholson++2018
// TWA 9A and V1095 Sco
@ARTICLE{2018MNRAS.480.1754N,
       author = {{Nicholson}, B.~A. and {Hussain}, G.~A.~J. and {Donati}, J. -F. and
        {Folsom}, C.~P. and {Mengel}, M. and {Carter}, B.~D. and
        {Wright}, D.},
        title = "{The surface magnetic activity of the weak-line T Tauri stars TWA 9A and
        V1095 Sco}",
      journal = {\mnras},
     keywords = {magnetic fields, techniques: polarimetric, stars: formation, stars:
        imaging, stars: individual: TWA 9A, stars: individual: V1095
        Sco, Astrophysics - Solar and Stellar Astrophysics},
         year = 2018,
        month = Oct,
       volume = {480},
        pages = {1754-1766},
          doi = {10.1093/mnras/sty1965},
 primaryClass = {astro-ph.SR},
       adsurl = {https://ui.adsabs.harvard.edu/#abs/2018MNRAS.480.1754N},
      adsnote = {Provided by the SAO/NASA Astrophysics Data System}
}

// Sokal++2018
// TW Hya with IGRINS
@ARTICLE{2018ApJ...853..120S,
       author = {{Sokal}, Kimberly R. and {Deen}, Casey P. and {Mace}, Gregory N. and
        {Lee}, Jae-Joon and {Oh}, Heeyoung and {Kim}, Hwihyun and
        {Kidder}, Benjamin T. and {Jaffe}, Daniel T.},
        title = "{Characterizing TW Hydra}",
      journal = {\apj},
     keywords = {infrared: stars, stars: fundamental parameters, stars: individual: TW
        Hydra, stars: pre-main sequence, Astrophysics - Solar and
        Stellar Astrophysics},
         year = 2018,
        month = Feb,
       volume = {853},
          eid = {120},
        pages = {120},
          doi = {10.3847/1538-4357/aaa1e4},
       adsurl = {https://ui.adsabs.harvard.edu/#abs/2018ApJ...853..120S},
      adsnote = {Provided by the SAO/NASA Astrophysics Data System}
}

// Donati++2017
// ZDI of  V830 Tau
@ARTICLE{2017MNRAS.465.3343D,
       author = {{Donati}, J. -F. and {Yu}, L. and {Moutou}, C. and {Cameron}, A.~C. and
        {Malo}, L. and {Grankin}, K. and {H{\'e}brard}, E. and
        {Hussain}, G.~A.~J. and {Vidotto}, A.~A. and {Alencar}, S.~H.~P.
        and {Haywood}, R.~D. and {Bouvier}, J. and {Petit}, P. and
        {Takami}, M. and {Herczeg}, G.~J. and {Gregory}, S.~G. and
        {Jardine}, M.~M. and {Morin}, J. and {MaTYSSE Collaboration}},
        title = "{The hot Jupiter of the magnetically active weak-line T Tauri star V830
        Tau}",
      journal = {\mnras},
     keywords = {techniques: polarimetric, stars: formation, stars: imaging, stars:
        individual: V830 Tau, stars: magnetic field, planetary systems,
        Astrophysics - Solar and Stellar Astrophysics, Astrophysics -
        Earth and Planetary Astrophysics},
         year = 2017,
        month = Mar,
       volume = {465},
        pages = {3343-3360},
          doi = {10.1093/mnras/stw2904},
       adsurl = {https://ui.adsabs.harvard.edu/#abs/2017MNRAS.465.3343D},
      adsnote = {Provided by the SAO/NASA Astrophysics Data System}
}

// Gully-Santiago 2017
@ARTICLE{2017ApJ...836..200G,
       author = {{Gully-Santiago}, Michael A. and {Herczeg}, Gregory J. and
         {Czekala}, Ian and {Somers}, Garrett and {Grankin}, Konstantin and
         {Covey}, Kevin R. and {Donati}, J.~F. and {Alencar}, Silvia H.~P. and
         {Hussain}, Gaitee A.~J. and {Shappee}, Benjamin J. and
         {Mace}, Gregory N. and {Lee}, Jae-Joon and {Holoien}, T.~W. -S. and
         {Jose}, Jessy and {Liu}, Chun-Fan},
        title = "{Placing the Spotted T Tauri Star LkCa 4 on an HR Diagram}",
      journal = {\apj},
     keywords = {stars: fundamental parameters, stars: individual: LkCa 4, stars: low-mass, stars: statistics, Astrophysics - Solar and Stellar Astrophysics, Astrophysics - Instrumentation and Methods for Astrophysics},
         year = "2017",
        month = "Feb",
       volume = {836},
       number = {2},
          eid = {200},
        pages = {200},
          doi = {10.3847/1538-4357/836/2/200},
archivePrefix = {arXiv},
       eprint = {1701.06703},
 primaryClass = {astro-ph.SR},
       adsurl = {https://ui.adsabs.harvard.edu/abs/2017ApJ...836..200G},
      adsnote = {Provided by the SAO/NASA Astrophysics Data System}
}

// Hill++2017
// ZDI of Par 1379 and Par 2244
@ARTICLE{2017MNRAS.472.1716H,
       author = {{Hill}, C.~A. and {Carmona}, A. and {Donati}, J. -F. and {Hussain},
        G.~A.~J. and {Gregory}, S.~G. and {Alencar}, S.~H.~P. and
        {Bouvier}, J. and {The Matysse Collaboration}},
        title = "{Magnetic activity and radial velocity filtering of young Suns: the weak-
        line T-Tauri stars Par 1379 and Par 2244}",
      journal = {\mnras},
     keywords = {techniques: polarimetric, stars: formation, stars: imaging, stars:
        individual: Par 1379, stars: individual: Par 2244, stars:
        magnetic field, stars: individual: Par 2244 - stars: magnetic
        field, Astrophysics - Solar and Stellar Astrophysics},
         year = 2017,
        month = Dec,
       volume = {472},
        pages = {1716-1735},
          doi = {10.1093/mnras/stx2042},
       adsurl = {https://ui.adsabs.harvard.edu/#abs/2017MNRAS.472.1716H},
      adsnote = {Provided by the SAO/NASA Astrophysics Data System}
}

// Kochukhov and Lavail 2017
// ZDI and Zeeman broadening of the binary GJ65
@ARTICLE{2017ApJ...835L...4K,
       author = {{Kochukhov}, Oleg and {Lavail}, Alexis},
        title = "{The Global and Small-scale Magnetic Fields of Fully Convective, Rapidly
        Spinning M Dwarf Pair GJ65 A and B}",
      journal = {\apj},
     keywords = {stars: activity, stars: individual: GJ65 AB (BL Cet, UV Cet, stars:
        late-type, stars: magnetic field, Astrophysics - Solar and
        Stellar Astrophysics},
         year = 2017,
        month = Jan,
       volume = {835},
          eid = {L4},
        pages = {L4},
          doi = {10.3847/2041-8213/835/1/L4},
       adsurl = {https://ui.adsabs.harvard.edu/#abs/2017ApJ...835L...4K},
      adsnote = {Provided by the SAO/NASA Astrophysics Data System}
}

// Lavail++2017
// Intermediate mass T Tauri stars
@ARTICLE{2017A&A...608A..77L,
       author = {{Lavail}, A. and {Kochukhov}, O. and {Hussain}, G.~A.~J. and {Alecian},
        E. and {Herczeg}, G.~J. and {Johns-Krull}, C.},
        title = "{Magnetic fields of intermediate mass T Tauri stars}",
      journal = {\aap},
     keywords = {stars: pre-main sequence, stars: magnetic field, line: profiles,
        Astrophysics - Solar and Stellar Astrophysics},
         year = 2017,
        month = Dec,
       volume = {608},
          eid = {A77},
        pages = {A77},
          doi = {10.1051/0004-6361/201731889},
       adsurl = {https://ui.adsabs.harvard.edu/#abs/2017A&A...608A..77L},
      adsnote = {Provided by the SAO/NASA Astrophysics Data System}
}

// SME
@ARTICLE{2017A&A...597A..16P,
   author = {{Piskunov}, N. and {Valenti}, J.~A.},
    title = "{Spectroscopy Made Easy: Evolution}",
  journal = {\aap},
archivePrefix = "arXiv",
   eprint = {1606.06073},
 primaryClass = "astro-ph.IM",
 keywords = {stars: abundances, radiative transfer, stars: fundamental parameters, stars: atmospheres, techniques: spectroscopic},
     year = 2017,
    month = jan,
   volume = 597,
      eid = {A16},
    pages = {A16},
      doi = {10.1051/0004-6361/201629124},
   adsurl = {http://adsabs.harvard.edu/abs/2017A%26A...597A..16P},
  adsnote = {Provided by the SAO/NASA Astrophysics Data System}
}

@ARTICLE{sharma2017,
author = {Sharma, Sanjib},
title = {Markov Chain Monte Carlo Methods for Bayesian Data Analysis in Astronomy},
journal = {Annual Review of Astronomy and Astrophysics},
volume = {55},
number = {1},
pages = {213-259},
year = {2017},
doi = {10.1146/annurev-astro-082214-122339},
URL = {https://doi.org/10.1146/annurev-astro-082214-122339},
eprint = {https://doi.org/10.1146/annurev-astro-082214-122339}
}

// Spada++2017
// YAPSI Yale Potsdam isochrones
@ARTICLE{2017ApJ...838..161S,
   author = {{Spada}, F. and {Demarque}, P. and {Kim}, Y.-C. and {Boyajian}, T.~S. and 
	{Brewer}, J.~M.},
    title = "{The Yale-Potsdam Stellar Isochrones}",
  journal = {\apj},
archivePrefix = "arXiv",
   eprint = {1703.03975},
 primaryClass = "astro-ph.SR",
 keywords = {Hertzsprung{\ndash}Russell and C{\ndash}M diagrams, planetary systems, stars: evolution, stars: fundamental parameters, stars: interiors, stars: low-mass},
     year = 2017,
    month = apr,
   volume = 838,
      eid = {161},
    pages = {161},
      doi = {10.3847/1538-4357/aa661d},
   adsurl = {http://adsabs.harvard.edu/abs/2017ApJ...838..161S},
  adsnote = {Provided by the SAO/NASA Astrophysics Data System}
}

// Yu++2017
// ZDI of TAP 26
@ARTICLE{2017MNRAS.467.1342Y,
       author = {{Yu}, L. and {Donati}, J. -F. and {H{\'e}brard}, E.~M. and {Moutou}, C.
        and {Malo}, L. and {Grankin}, K. and {Hussain}, G. and {Collier
        Cameron}, A. and {Vidotto}, A.~A. and {Baruteau}, C. and
        {Alencar}, S.~H.~P. and {Bouvier}, J. and {Petit}, P. and
        {Takami}, M. and {Herczeg}, G. and {Gregory}, S.~G. and
        {Jardine}, M. and {Morin}, J. and {M{\'e}nard}, F. and {Matysse
        Collaboration}},
        title = "{A hot Jupiter around the very active weak-line T Tauri star TAP 26}",
      journal = {\mnras},
     keywords = {magnetic fields, planets and satellites: formation, stars: imaging,
        stars: rotation, stars: individual: TAP 26, techniques:
        polarimetric, Astrophysics - Solar and Stellar Astrophysics,
        Astrophysics - Earth and Planetary Astrophysics},
         year = 2017,
        month = May,
       volume = {467},
        pages = {1342-1359},
          doi = {10.1093/mnras/stx009},
       adsurl = {https://ui.adsabs.harvard.edu/#abs/2017MNRAS.467.1342Y},
      adsnote = {Provided by the SAO/NASA Astrophysics Data System}
}

// Dorn++2016
// SPIE2016 CRIRES+ paper
@INPROCEEDINGS{2016SPIE.9908E..0ID,
       author = {{Dorn}, Reinhold J. and {Follert}, Roman and {Bristow}, Paul and
        {Cumani}, Claudio and {Eschbaumer}, Siegfried and {Grunhut},
        Jason and {Haimerl}, Andreas and {Hatzes}, Artie and {Heiter},
        Ulrike and {Hinterschuster}, Renate and {Ives}, Derek J. and
        {Jung}, Yves and {Kerber}, Florian and {Klein}, Barbara and
        {Lavail}, Alexis and {Lizon}, Jean Louis and {L{\"o}winger},
        Tom and {Molina-Conde}, Ignacio and {Nicholson}, Belinda and
        {Marquart}, Thomas and {Oliva}, Ernesto and {Origlia}, Livia and
        {Pasquini}, Luca and {Paufique}, J{\'e}r{\^o}me and {Piskunov},
        Nikolai and {Reiners}, Ansgar and {Seemann}, Ulf and
        {Stegmeier}, J{\"o}rg and {Stempels}, Eric and {Tordo},
        Sebastien},
        title = "{The ''+'' for CRIRES: enabling better science at infrared wavelength and
        high spectral resolution at the ESO VLT}",
    booktitle = {Ground-based and Airborne Instrumentation for Astronomy VI},
         year = 2016,
       series = {Society of Photo-Optical Instrumentation Engineers (SPIE) Conference Series},
       volume = {9908},
        month = Aug,
          eid = {99080I},
        pages = {99080I},
          doi = {10.1117/12.2232837},
       adsurl = {https://ui.adsabs.harvard.edu/#abs/2016SPIE.9908E..0ID},
      adsnote = {Provided by the SAO/NASA Astrophysics Data System}
}

// Feiden 2016
@ARTICLE{2016A&A...593A..99F,
       author = {{Feiden}, Gregory A.},
        title = "{Magnetic inhibition of convection and the fundamental properties of low-mass stars. III. A consistent 10 Myr age for the Upper Scorpius OB association}",
      journal = {\aap},
     keywords = {binaries: eclipsing, stars: evolution, stars: low-mass, stars: magnetic field, stars: pre-main sequence, open clusters and associations: individual: Upper Scorpius, Astrophysics - Solar and Stellar Astrophysics},
         year = "2016",
        month = "Sep",
       volume = {593},
          eid = {A99},
        pages = {A99},
          doi = {10.1051/0004-6361/201527613},
archivePrefix = {arXiv},
       eprint = {1604.08036},
 primaryClass = {astro-ph.SR},
       adsurl = {https://ui.adsabs.harvard.edu/abs/2016A&A...593A..99F},
      adsnote = {Provided by the SAO/NASA Astrophysics Data System}
}

// GAIA 2016
// mission paper
@ARTICLE{2016A&A...595A...1G,
       author = {{Gaia Collaboration} and {Prusti}, T. and {de Bruijne}, J.~H.~J. and
         {Brown}, A.~G.~A. and {Vallenari}, A. and {Babusiaux}, C. and
         {Bailer-Jones}, C.~A.~L. and {Bastian}, U. and {Biermann}, M. and
         {Evans}, D.~W. and {Eyer}, L. and {Jansen}, F. and {Jordi}},
        title = "{The Gaia mission}",
      journal = {\aap},
     keywords = {space vehicles: instruments, Galaxy: structure, astrometry, parallaxes, proper motions, telescopes, Astrophysics - Instrumentation and Methods for Astrophysics},
         year = "2016",
        month = "Nov",
       volume = {595},
          eid = {A1},
        pages = {A1},
          doi = {10.1051/0004-6361/201629272},
archivePrefix = {arXiv},
       eprint = {1609.04153},
 primaryClass = {astro-ph.IM},
       adsurl = {https://ui.adsabs.harvard.edu/\#abs/2016A&A...595A...1G},
      adsnote = {Provided by the SAO/NASA Astrophysics Data System}
}


// Donati++2015
// ZDI of V819 and V830 Tau
@ARTICLE{2015MNRAS.453.3706D,
       author = {{Donati}, J. -F. and {H{\'e}brard}, E. and {Hussain}, G.~A.~J. and
        {Moutou}, C. and {Malo}, L. and {Grankin}, K. and {Vidotto},
        A.~A. and {Alencar}, S.~H.~P. and {Gregory}, S.~G. and
        {Jardine}, M.~M. and {Herczeg}, G. and {Morin}, J. and {Fares},
        R. and {M{\'e}nard}, F. and {Bouvier}, J. and {Delfosse}, X. and
        {Doyon}, R. and {Takami}, M. and {Figueira}, P. and {Petit}, P.
        and {Boisse}, I. and {MaTYSSE Collaboration}},
        title = "{Magnetic activity and hot Jupiters of young Suns: the weak-line T Tauri
        stars V819 Tau and V830 Tau}",
      journal = {\mnras},
     keywords = {stars: magnetic fields, techniques: polarimetric, stars: formation,
        stars: imaging, stars: individual: V819 Tau, stars: individual:
        V830 Tau, Astrophysics - Solar and Stellar Astrophysics},
         year = 2015,
        month = Nov,
       volume = {453},
        pages = {3706-3719},
          doi = {10.1093/mnras/stv1837},
       adsurl = {https://ui.adsabs.harvard.edu/#abs/2015MNRAS.453.3706D},
      adsnote = {Provided by the SAO/NASA Astrophysics Data System}
}

// Manara++2015
// ROX 6 T_eff
@ARTICLE{2015AA...579A..66M,
       author = {{Manara}, C.~F. and {Testi}, L. and {Natta}, A. and {Alcal{\'a}}, J.~M.},
        title = "{X-Shooter study of accretion in {\ensuremath{\rho}}-Ophiucus: very low-
        mass stars and brown dwarfs}",
      journal = {\aap},
     keywords = {stars: pre-main sequence, stars: formation, brown dwarfs, protoplanetary
        disks, accretion, accretion disks, open clusters and
        associations: individual: rho-Ophiucus, Astrophysics - Solar and
        Stellar Astrophysics},
         year = 2015,
        month = Jul,
       volume = {579},
          eid = {A66},
        pages = {A66},
          doi = {10.1051/0004-6361/201526169},
archivePrefix = {arXiv},
       eprint = {1505.04046},
       adsurl = {https://ui.adsabs.harvard.edu/#abs/2015A&A...579A..66M},
      adsnote = {Provided by the SAO/NASA Astrophysics Data System}
}

// Smette++2015
// Molecfit paper
@ARTICLE{2015A&A...576A..77S,
   author = {{Smette}, A. and {Sana}, H. and {Noll}, S. and {Horst}, H. and 
	{Kausch}, W. and {Kimeswenger}, S. and {Barden}, M. and {Szyszka}, C. and 
	{Jones}, A.~M. and {Gallenne}, A. and {Vinther}, J. and {Ballester}, P. and 
	{Taylor}, J.},
    title = "{Molecfit: A general tool for telluric absorption correction. I. Method and application to ESO instruments}",
  journal = {\aap},
archivePrefix = "arXiv",
   eprint = {1501.07239},
 primaryClass = "astro-ph.IM",
 keywords = {radiative transfer, atmospheric effects, instrumentation: spectrographs, methods: observational, methods: data analysis, techniques: spectroscopic},
     year = 2015,
    month = apr,
   volume = 576,
      eid = {A77},
    pages = {A77},
      doi = {10.1051/0004-6361/201423932},
   adsurl = {http://adsabs.harvard.edu/abs/2015A%26A...576A..77S},
  adsnote = {Provided by the SAO/NASA Astrophysics Data System}
}

// Ryabchikova++2015
// VALD3 paper
@Article{vald2015,
  Title                    = {{A major upgrade of the VALD database}},
  Author                   = {{Ryabchikova}, T. and {Piskunov}, N. and {Kurucz}, R.~L. and {Stempels}, H.~C. and {Heiter}, U. and {Pakhomov}, Y. and {Barklem}, P.~S.},
  Journal                  = {\physscr},
  Year                     = {2015},
  Month                    = may,
  Number                   = {5},
  Pages                    = {054005},
  Volume                   = {90},
  Adsnote                  = {Provided by the SAO/NASA Astrophysics Data System},
  Adsurl                   = {http://adsabs.harvard.edu/abs/2015PhyS...90e4005R},
  Doi                      = {10.1088/0031-8949/90/5/054005},
  Eid                      = {054005}
}

// Donati++2014
// Zdi of LKCA4
@ARTICLE{2014MNRAS.444.3220D,
       author = {{Donati}, J. -F. and {H{\'e}brard}, E. and {Hussain}, G. and {Moutou},
        C. and {Grankin}, K. and {Boisse}, I. and {Morin}, J. and
        {Gregory}, S.~G. and {Vidotto}, A.~A. and {Bouvier}, J. and
        {Alencar}, S.~H.~P. and {Delfosse}, X. and {Doyon}, R. and
        {Takami}, M. and {Jardine}, M.~M. and {Fares}, R. and {Cameron},
        A.~C. and {M{\'e}nard}, F. and {Dougados}, C. and {Herczeg}, G.
        and {Matysse Collaboration}},
        title = "{Modelling the magnetic activity and filtering radial velocity curves of
        young Suns : the weak-line T Tauri star LkCa 4}",
      journal = {\mnras},
     keywords = {techniques: polarimetric, stars: formation, stars: imaging, stars:
        individual: LkCa 4, stars: magnetic field, stars: rotation,
        Astrophysics - Solar and Stellar Astrophysics},
         year = 2014,
        month = Nov,
       volume = {444},
        pages = {3220-3229},
          doi = {10.1093/mnras/stu1679},
archivePrefix = {arXiv},
       eprint = {1408.3273},
       adsurl = {https://ui.adsabs.harvard.edu/#abs/2014MNRAS.444.3220D},
      adsnote = {Provided by the SAO/NASA Astrophysics Data System}
}

// Artigau++2014
// SPIE2014 SPIRou paper
@INPROCEEDINGS{2014SPIE.9147E..15A,
   author = {{Artigau}, {\'E}. and {Kouach}, D. and {Donati}, J.-F. and {Doyon}, R. and 
	{Delfosse}, X. and {Baratchart}, S. and {Lacombe}, M. and {Moutou}, C. and 
	{Rabou}, P. and {Par{\`e}s}, L.~P. and {Micheau}, Y. and {Thibault}, S. and 
	{Reshetov}, V.~A. and {Dubois}, B. and {Hernandez}, O. and {Vall{\'e}e}, P. and 
	{Wang}, S.-Y. and {Dolon}, F. and {Pepe}, F.~A. and {Bouchy}, F. and 
	{Striebig}, N. and {H{\'e}nault}, F. and {Loop}, D. and {Saddlemyer}, L. and 
	{Barrick}, G. and {Vermeulen}, T. and {Dupieux}, M. and {H{\'e}brard}, G. and 
	{Boisse}, I. and {Martioli}, E. and {Alencar}, S.~H.~P. and 
	{do Nascimento}, J.-D. and {Figueira}, P.},
    title = "{SPIRou: the near-infrared spectropolarimeter/high-precision velocimeter for the Canada-France-Hawaii telescope}",
booktitle = {Ground-based and Airborne Instrumentation for Astronomy V},
     year = 2014,
   series = {\procspie},
   volume = 9147,
archivePrefix = "arXiv",
   eprint = {1406.6992},
 primaryClass = "astro-ph.IM",
    month = jul,
      eid = {914715},
    pages = {914715},
      doi = {10.1117/12.2055663},
   adsurl = {http://adsabs.harvard.edu/abs/2014SPIE.9147E..15A},
  adsnote = {Provided by the SAO/NASA Astrophysics Data System}
}

// B fields of PMS
// Hussain++2014
@INPROCEEDINGS{2014IAUS..302...25H,
       author = {{Hussain}, Gaitee A.~J. and {Alecian}, Evelyne},
        title = "{The role of magnetic fields in pre-main sequence stars}",
     keywords = {stars: activity, stars: accreting, stars: circumstellar matter, stars: magnetic fields, Astrophysics - Solar and Stellar Astrophysics},
    booktitle = {Magnetic Fields throughout Stellar Evolution},
         year = "2014",
       editor = {{Petit}, Pascal and {Jardine}, Moira and {Spruit}, Hendrik C.},
       series = {IAU Symposium},
       volume = {302},
        month = "Aug",
        pages = {25-37},
          doi = {10.1017/S1743921314001653},
archivePrefix = {arXiv},
       eprint = {1402.7130},
 primaryClass = {astro-ph.SR},
       adsurl = {https://ui.adsabs.harvard.edu/abs/2014IAUS..302...25H},
      adsnote = {Provided by the SAO/NASA Astrophysics Data System}
}

// Spectropolarimetric survey of Herbig Ae/Be stars
// Alecian et al 2013
@Article{2013MNRAS.429.1001A,
  Title                    = {{A high-resolution spectropolarimetric survey of Herbig Ae/Be stars - I. Observations and measurements}},
  Author                   = {{Alecian}, E. and {Wade}, G.~A. and {Catala}, C. and {Grunhut}, J.~H. and {Landstreet}, J.~D. and {Bagnulo}, S. and {B{\"o}hm}, T. and {Folsom}, C.~P. and {Marsden}, S. and {Waite}, I.},
  Journal                  = {\mnras},
  Year                     = {2013},
  Month                    = feb,
  Pages                    = {1001-1026},
  Volume                   = {429},
  Adsnote                  = {Provided by the SAO/NASA Astrophysics Data System},
  Adsurl                   = {http://adsabs.harvard.edu/abs/2013MNRAS.429.1001A},
  Archiveprefix            = {arXiv},
  Doi                      = {10.1093/mnras/sts383},
  Eprint                   = {1211.2907},
  Keywords                 = {binaries: spectroscopic, stars: early-type, stars: magnetic field, stars: pre-main-sequence},
  Primaryclass             = {astro-ph.SR}
}

// Donati++2013
// ZDI of DN Tau
@ARTICLE{2013MNRAS.436..881D,
       author = {{Donati}, J. -F. and {Gregory}, S.~G. and {Alencar}, S.~H.~P. and
        {Hussain}, G. and {Bouvier}, J. and {Jardine}, M.~M. and
        {M{\'e}nard}, F. and {Dougados}, C. and {Romanova}, M.~M. and
        {MaPP Collaboration}},
        title = "{Magnetospheric accretion on the fully convective classical T Tauri star
        DN Tau}",
      journal = {\mnras},
     keywords = {stars: formation, stars: imaging, stars: individual: DN Tau, stars:
        magnetic field, stars: rotation, Astrophysics - Solar and
        Stellar Astrophysics},
         year = 2013,
        month = Nov,
       volume = {436},
        pages = {881-897},
          doi = {10.1093/mnras/stt1622},
archivePrefix = {arXiv},
       eprint = {1308.5143},
       adsurl = {https://ui.adsabs.harvard.edu/#abs/2013MNRAS.436..881D},
      adsnote = {Provided by the SAO/NASA Astrophysics Data System}
}

// Foreman-Mackey++2013
// emcee paper
@ARTICLE{2013PASP..125..306F,
       author = {{Foreman-Mackey}, Daniel and {Hogg}, David W. and {Lang}, Dustin and
        {Goodman}, Jonathan},
        title = "{emcee: The MCMC Hammer}",
      journal = {Publications of the Astronomical Society of the Pacific},
     keywords = {Astrophysics - Instrumentation and Methods for Astrophysics, Physics -
        Computational Physics, Statistics - Computation},
         year = 2013,
        month = Mar,
       volume = {125},
        pages = {306},
          doi = {10.1086/670067},
archivePrefix = {arXiv},
       eprint = {1202.3665},
 primaryClass = {astro-ph.IM},
       adsurl = {https://ui.adsabs.harvard.edu/#abs/2013PASP..125..306F},
      adsnote = {Provided by the SAO/NASA Astrophysics Data System}
}

// Pecaut & Mamajek 2013
// Colours and bolometric correction for PMS
@ARTICLE{2013ApJS..208....9P,
       author = {{Pecaut}, Mark J. and {Mamajek}, Eric E.},
        title = "{Intrinsic Colors, Temperatures, and Bolometric Corrections of Pre-main-sequence Stars}",
      journal = {The Astrophysical Journal Supplement Series},
     keywords = {open clusters and associations: individual: {\ensuremath{\eta}} Cha cluster TW Hydra Association {\ensuremath{\beta}} Pic Moving Group Tucana-Horologium Association, stars: fundamental parameters, stars: pre-main sequence, Astrophysics - Solar and Stellar Astrophysics},
         year = "2013",
        month = "Sep",
       volume = {208},
          eid = {9},
        pages = {9},
          doi = {10.1088/0067-0049/208/1/9},
archivePrefix = {arXiv},
       eprint = {1307.2657},
 primaryClass = {astro-ph.SR},
       adsurl = {https://ui.adsabs.harvard.edu/\#abs/2013ApJS..208....9P},
      adsnote = {Provided by the SAO/NASA Astrophysics Data System}
}

// Donati++2012
// ZDI of GQ Lup
@ARTICLE{2012MNRAS.425.2948D,
       author = {{Donati}, J. -F. and {Gregory}, S.~G. and {Alencar}, S.~H.~P. and
        {Hussain}, G. and {Bouvier}, J. and {Dougados}, C. and
        {Jardine}, M.~M. and {M{\'e}nard}, F. and {Romanova}, M.~M.},
        title = "{Magnetometry of the classical T Tauri star GQ Lup: non-stationary
        dynamos and spin evolution of young Suns}",
      journal = {\mnras},
     keywords = {techniques: polarimetric, stars: formation, stars: imaging, stars:
        magnetic field, stars: individual: GQ Lup, stars: rotation,
        Astrophysics - Solar and Stellar Astrophysics},
         year = 2012,
        month = Oct,
       volume = {425},
        pages = {2948-2963},
          doi = {10.1111/j.1365-2966.2012.21482.x},
archivePrefix = {arXiv},
       eprint = {1206.1770},
       adsurl = {https://ui.adsabs.harvard.edu/#abs/2012MNRAS.425.2948D},
      adsnote = {Provided by the SAO/NASA Astrophysics Data System}
}

// Hussain++2012
// review of T Tauri Stars m.f
@Article{2012AN....333....4H,
  Title                    = {{T Tauri star magnetic fields and magnetospheres}},
  Author                   = {{Hussain}, G.~A.~J.},
  Journal                  = {Astronomische Nachrichten},
  Year                     = {2012},
  Month                    = jan,
  Pages                    = {4},
  Volume                   = {333},
  Adsnote                  = {Provided by the SAO/NASA Astrophysics Data System},
  Adsurl                   = {http://adsabs.harvard.edu/abs/2012AN....333....4H},
  Doi                      = {10.1002/asna.201111627},
  File                     = {:4_ftp.pdf:PDF},
  Keywords                 = {accretion, accretion disks, stars: formation, stars: magnetic fields, stars: pre-main-sequence, T Tauri stars, techniques: polarimetric, techniques: spectroscopic}
}

// Reiners 2012
// Cool stars magnetic field review
@ARTICLE{2012LRSP....9....1R,
       author = {{Reiners}, Ansgar},
        title = "{Observations of Cool-Star Magnetic Fields}",
      journal = {Living Reviews in Solar Physics},
     keywords = {stars: activity, magnetic fields, Astrophysics - Solar and Stellar Astrophysics, Astrophysics - Instrumentation and Methods for Astrophysics},
         year = "2012",
        month = "Feb",
       volume = {9},
          eid = {1},
        pages = {1},
          doi = {10.12942/lrsp-2012-1},
archivePrefix = {arXiv},
       eprint = {1203.0241},
 primaryClass = {astro-ph.SR},
       adsurl = {https://ui.adsabs.harvard.edu/\#abs/2012LRSP....9....1R},
      adsnote = {Provided by the SAO/NASA Astrophysics Data System}
}

// Donati++2011
// ZDI of V4046 Sgr
@ARTICLE{2011MNRAS.417.1747D,
       author = {{Donati}, J. -F. and {Gregory}, S.~G. and {Montmerle}, T. and {Maggio},
        A. and {Argiroffi}, C. and {Sacco}, G. and {Hussain}, G. and
        {Kastner}, J. and {Alencar}, S.~H.~P. and {Audard}, M. and
        {Bouvier}, J. and {Damiani}, F. and {G{\"u}del}, M. and
        {Huenemoerder}, D. and {Wade}, G.~A.},
        title = "{The close classical T Tauri binary V4046 Sgr: complex magnetic fields
        and distributed mass accretion}",
      journal = {\mnras},
     keywords = {techniques: polarimetric, stars: formation, stars: imaging, stars:
        individual: V4046 Sgr, stars: magnetic fields, stars: rotation,
        Astrophysics - Solar and Stellar Astrophysics},
         year = 2011,
        month = Nov,
       volume = {417},
        pages = {1747-1759},
          doi = {10.1111/j.1365-2966.2011.19366.x},
archivePrefix = {arXiv},
       eprint = {1109.2447},
       adsurl = {https://ui.adsabs.harvard.edu/#abs/2011MNRAS.417.1747D},
      adsnote = {Provided by the SAO/NASA Astrophysics Data System}
}

// Donati++2011
// ZDI of V2129 Oph
@ARTICLE{2011donati-v2129oph,
       author = {{Donati}, J. -F. and {Bouvier}, J. and {Walter}, F.~M. and {Gregory},
        S.~G. and {Skelly}, M.~B. and {Hussain}, G.~A.~J. and
        {Flaccomio}, E. and {Argiroffi}, C. and {Grankin}, K.~N. and
        {Jardine}, M.~M. and {M{\'e}nard}, F. and {Dougados}, C. and
        {Romanova}, M.~M.},
        title = "{Non-stationary dynamo and magnetospheric accretion processes of the classical T Tauri star V2129 Oph}",
      journal = {\mnras},
     keywords = {techniques: polarimetric, stars: formation, stars: imaging, stars:
        individual: V2129 Oph, stars: magnetic field, stars: rotation,
        Astrophysics - Solar and Stellar Astrophysics},
         year = 2011,
        month = Apr,
       volume = {412},
        pages = {2454-2468},
          doi = {10.1111/j.1365-2966.2010.18069.x},
archivePrefix = {arXiv},
       eprint = {1011.4789},
       adsurl = {https://ui.adsabs.harvard.edu/#abs/2011MNRAS.412.2454D},
      adsnote = {Provided by the SAO/NASA Astrophysics Data System}
}

// Donati++2011
// TW Hya
@ARTICLE{2011donati-twhya,
       author = {{Donati}, J. -F. and {Gregory}, S.~G. and {Alencar}, S.~H.~P. and
        {Bouvier}, J. and {Hussain}, G. and {Skelly}, M. and {Dougados},
        C. and {Jardine}, M.~M. and {M{\'e}nard}, F. and {Romanova},
        M.~M. and {Unruh}, Y.~C.},
        title = "{The large-scale magnetic field and poleward mass accretion of the
        classical T Tauri star TW Hya}",
      journal = {\mnras},
     keywords = {techniques: polarimetric, stars: formation, stars: imaging, stars:
        individual: TW Hya, stars: magnetic field, stars: rotation,
        Astrophysics - Solar and Stellar Astrophysics},
         year = 2011,
        month = Oct,
       volume = {417},
        pages = {472-487},
          doi = {10.1111/j.1365-2966.2011.19288.x},
archivePrefix = {arXiv},
       eprint = {1106.4162},
       adsurl = {https://ui.adsabs.harvard.edu/#abs/2011MNRAS.417..472D},
      adsnote = {Provided by the SAO/NASA Astrophysics Data System}
}

// Yang++2011
// magnetic broadening of stars in the ONC
@Article{2011ApJ...729...83Y,
  Title                    = {{Magnetic Field Measurements of T Tauri Stars in the Orion Nebula Cluster}},
  Author                   = {{Yang}, H. and {Johns-Krull}, C.~M.},
  Journal                  = {\apj},
  Year                     = {2011},
  Month                    = mar,
  Pages                    = {83},
  Volume                   = {729},
  Adsnote                  = {Provided by the SAO/NASA Astrophysics Data System},
  Adsurl                   = {http://adsabs.harvard.edu/abs/2011ApJ...729...83Y},
  Archiveprefix            = {arXiv},
  Doi                      = {10.1088/0004-637X/729/2/83},
  Eid                      = {83},
  Eprint                   = {1102.3662},
  File                     = {:apj_729_2_83.pdf:PDF},
  Keywords                 = {infrared: stars, open clusters and associations: individual: Orion, stars: magnetic field, stars: pre-main sequence},
  Primaryclass             = {astro-ph.SR}
}

// Donati++2010
// ZDI of AA Tau
@ARTICLE{2010MNRAS.409.1347D,
       author = {{Donati}, J. -F. and {Skelly}, M.~B. and {Bouvier}, J. and {Gregory},
        S.~G. and {Grankin}, K.~N. and {Jardine}, M.~M. and {Hussain},
        G.~A.~J. and {M{\'e}nard}, F. and {Dougados}, C. and {Unruh}, Y.
        and {Mohanty}, S. and {Auri{\`e}re}, M. and {Morin}, J. and
        {Far{\`e}s}, R. and {MAPP Collaboration}},
        title = "{Magnetospheric accretion and spin-down of the prototypical classical T Tauri star AA Tau}",
      journal = {\mnras},
     keywords = {techniques: polarimetric, stars: formation, stars: imaging, stars:
        individual: AA Tau, stars: magnetic field, stars: rotation,
        Astrophysics - Solar and Stellar Astrophysics},
         year = 2010,
        month = Dec,
       volume = {409},
        pages = {1347-1361},
          doi = {10.1111/j.1365-2966.2010.17409.x},
archivePrefix = {arXiv},
       eprint = {1007.4407},
       adsurl = {https://ui.adsabs.harvard.edu/#abs/2010MNRAS.409.1347D},
      adsnote = {Provided by the SAO/NASA Astrophysics Data System}
}

// Goodman and Weare 2010
// AIE sampler
@ARTICLE{2010CAMCS...5...65G,
       author = {{Goodman}, Jonathan and {Weare}, Jonathan},
        title = "{Ensemble samplers with affine invariance}",
      journal = {Communications in Applied Mathematics and Computational Science},
     keywords = {Markov chain Monte Carlo, affine invariance, ensemble samplers},
         year = 2010,
        month = Jan,
       volume = {5},
        pages = {65-80},
          doi = {10.2140/camcos.2010.5.65},
       adsurl = {https://ui.adsabs.harvard.edu/#abs/2010CAMCS...5...65G},
      adsnote = {Provided by the SAO/NASA Astrophysics Data System}
}

// more recent Synmast reference
@ARTICLE{2010A&A...524A...5K,
   author = {{Kochukhov}, O. and {Makaganiuk}, V. and {Piskunov}, N.},
    title = "{Least-squares deconvolution of the stellar intensity and polarization spectra}",
  journal = {\aap},
archivePrefix = "arXiv",
   eprint = {1008.5115},
 primaryClass = "astro-ph.SR",
 keywords = {magnetic fields, line: formation, polarization, stars: atmospheres, methods: data analysis, methods: numerical},
     year = 2010,
    month = dec,
   volume = 524,
      eid = {A5},
    pages = {A5},
      doi = {10.1051/0004-6361/201015429},
   adsurl = {http://adsabs.harvard.edu/abs/2010A%26A...524A...5K},
  adsnote = {Provided by the SAO/NASA Astrophysics Data System}
}

// Weise++2010
// SpT of v1129 Oph
@ARTICLE{2010AA517A88W,
       author = {{Weise}, P. and {Launhardt}, R. and {Setiawan}, J. and {Henning}, T.},
        title = "{Rotational velocities of nearby young stars}",
      journal = {\aap},
     keywords = {stars: pre-main-sequence, techniques: spectroscopic, stars: rotation,
        Astrophysics - Solar and Stellar Astrophysics, Astrophysics -
        Instrumentation and Methods for Astrophysics},
         year = 2010,
        month = Jul,
       volume = {517},
          eid = {A88},
        pages = {A88},
          doi = {10.1051/0004-6361/201014453},
archivePrefix = {arXiv},
       eprint = {1005.0984},
       adsurl = {https://ui.adsabs.harvard.edu/#abs/2010A&A...517A..88W},
      adsnote = {Provided by the SAO/NASA Astrophysics Data System}
}

// Donati++2010
// ZDI of V2247 Oph
@ARTICLE{2010donati-v2247oph,
       author = {{Donati}, J. -F. and {Skelly}, M.~B. and {Bouvier}, J. and
         {Jardine}, M.~M. and {Gregory}, S.~G. and {Morin}, J. and
         {Hussain}, G.~A.~J. and {Dougados}, C. and {M{\'e}nard}, F. and
         {Unruh}, Y.},
        title = "{Complex magnetic topology and strong differential rotation on the low-mass T Tauri star V2247 Oph}",
      journal = {\mnras},
     keywords = {techniques: polarimetric, stars: formation, stars: imaging, stars: individual: V2247 Oph, stars: magnetic fields, stars: rotation, Astrophysics - Solar and Stellar Astrophysics},
         year = "2010",
        month = "Mar",
       volume = {402},
        pages = {1426-1436},
          doi = {10.1111/j.1365-2966.2009.15998.x},
archivePrefix = {arXiv},
       eprint = {0911.1080},
 primaryClass = {astro-ph.SR},
       adsurl = {https://ui.adsabs.harvard.edu/\#abs/2010MNRAS.402.1426D},
      adsnote = {Provided by the SAO/NASA Astrophysics Data System}
}

@ARTICLE{2010MNRAS.403..159S,
       author = {{Skelly}, M.~B. and {Donati}, J. -F. and {Bouvier}, J. and {Grankin},
        K.~N. and {Unruh}, Y.~C. and {Artemenko}, S.~A. and {Petrov}, P.},
        title = "{Dynamo processes in the T Tauri star V410 Tau}",
      journal = {\mnras},
     keywords = {stars: formation, stars: individual: V410 Tau, stars: magnetic fields,
        stars: pre-main-sequence, stars: rotation, Astrophysics - Solar
        and Stellar Astrophysics},
         year = 2010,
        month = Mar,
       volume = {403},
        pages = {159-169},
          doi = {10.1111/j.1365-2966.2009.16132.x},
archivePrefix = {arXiv},
       eprint = {0911.5476},
       adsurl = {https://ui.adsabs.harvard.edu/#abs/2010MNRAS.403..159S},
      adsnote = {Provided by the SAO/NASA Astrophysics Data System}
}

// Asplund Grevesse Sauval 2009
// Solar composition
@ARTICLE{2009ARA&A..47..481A,
       author = {{Asplund}, Martin and {Grevesse}, Nicolas and {Sauval}, A. Jacques and
         {Scott}, Pat},
        title = "{The Chemical Composition of the Sun}",
      journal = {Annual Review of Astronomy and Astrophysics},
     keywords = {Astrophysics - Solar and Stellar Astrophysics, Astrophysics - Earth and Planetary Astrophysics},
         year = "2009",
        month = "Sep",
       volume = {47},
        pages = {481-522},
          doi = {10.1146/annurev.astro.46.060407.145222},
archivePrefix = {arXiv},
       eprint = {0909.0948},
 primaryClass = {astro-ph.SR},
       adsurl = {https://ui.adsabs.harvard.edu/abs/2009ARA&A..47..481A},
      adsnote = {Provided by the SAO/NASA Astrophysics Data System}
}

// Donati+Landstreet 2009
// Magnetic fields of nondegenerate stars
@Article{2009ARA&A..47..333D,
  Title                    = {{Magnetic Fields of Nondegenerate Stars}},
  Author                   = {{Donati}, J.-F. and {Landstreet}, J.~D.},
  Journal                  = {\araa},
  Year                     = {2009},
  Month                    = sep,
  Pages                    = {333-370},
  Volume                   = {47},
  Adsnote                  = {Provided by the SAO/NASA Astrophysics Data System},
  Adsurl                   = {http://adsabs.harvard.edu/abs/2009ARA%26A..47..333D},
  Archiveprefix            = {arXiv},
  Doi                      = {10.1146/annurev-astro-082708-101833},
  Eprint                   = {0904.1938},
  Primaryclass             = {astro-ph.SR}
}

// Hussain++2009
// ZDI of CR Cha and CV Cha
@ARTICLE{2009MNRAS.398..189H,
       author = {{Hussain}, G.~A.~J. and {Collier Cameron}, A. and {Jardine}, M.~M. and
        {Dunstone}, N. and {Ramirez Velez}, J. and {Stempels}, H.~C. and
        {Donati}, J. -F. and {Semel}, M. and {Aulanier}, G. and
        {Harries}, T. and {Bouvier}, J. and {Dougados}, C. and
        {Ferreira}, J. and {Carter}, B.~D. and {Lawson}, W.~A.},
        title = "{Surface magnetic fields on two accreting TTauri stars: CVCha and CRCha}",
      journal = {\mnras},
     keywords = {stars: formation, stars: imaging, stars: individual: CRCha, stars:
        individual: CVCha, stars: magnetic fields, open clusters and
        associations: individual: ChamaeleonI, Astrophysics - Solar and
        Stellar Astrophysics},
         year = 2009,
        month = Sep,
       volume = {398},
        pages = {189-200},
          doi = {10.1111/j.1365-2966.2009.14881.x},
archivePrefix = {arXiv},
       eprint = {0905.0914},
       adsurl = {https://ui.adsabs.harvard.edu/#abs/2009MNRAS.398..189H},
      adsnote = {Provided by the SAO/NASA Astrophysics Data System}
}

@ARTICLE{2009A&A...496..787R,
       author = {{Reiners}, A. and {Basri}, G.},
        title = "{On the magnetic topology of partially and fully convective stars}",
      journal = {\aap},
     keywords = {stars: late-type, stars: magnetic fields, stars:, activity, Astrophysics - Solar and Stellar Astrophysics},
         year = "2009",
        month = "Mar",
       volume = {496},
        pages = {787-790},
          doi = {10.1051/0004-6361:200811450},
archivePrefix = {arXiv},
       eprint = {0901.1659},
 primaryClass = {astro-ph.SR},
       adsurl = {https://ui.adsabs.harvard.edu/abs/2009A&A...496..787R},
      adsnote = {Provided by the SAO/NASA Astrophysics Data System}
}

// Donati++2008
// ZDI of BP Tau
@ARTICLE{2008MNRAS.386.1234D,
       author = {{Donati}, J. -F. and {Jardine}, M.~M. and {Gregory}, S.~G. and {Petit},
        P. and {Paletou}, F. and {Bouvier}, J. and {Dougados}, C. and
        {M{\'e}nard}, F. and {Collier Cameron}, A. and {Harries}, T.~J.
        and {Hussain}, G.~A.~J. and {Unruh}, Y. and {Morin}, J. and
        {Marsden}, S.~C. and {Manset}, N. and {Auri{\`e}re}, M. and
        {Catala}, C. and {Alecian}, E.},
        title = "{Magnetospheric accretion on the T Tauri star BP Tauri}",
      journal = {\mnras},
     keywords = {techniques: polarimetric, stars: formation, stars: individual: BP Tau,
        stars: magnetic fields, stars: pre-main-sequence, stars:
        rotation, Astrophysics},
         year = 2008,
        month = May,
       volume = {386},
        pages = {1234-1251},
          doi = {10.1111/j.1365-2966.2008.13111.x},
archivePrefix = {arXiv},
       eprint = {0802.2052},
       adsurl = {https://ui.adsabs.harvard.edu/#abs/2008MNRAS.386.1234D},
      adsnote = {Provided by the SAO/NASA Astrophysics Data System}
}

// Gustafsson++2008
// Paper from Bengts about MARCS
@ARTICLE{marcs2008,
   author = {{Gustafsson}, B. and {Edvardsson}, B. and {Eriksson}, K. and
	{J{\o}rgensen}, U.~G. and {Nordlund}, {\AA}. and {Plez}, B.},
    title = "{A grid of MARCS model atmospheres for late-type stars. I. Methods and general properties}",
  journal = {\aap},
archivePrefix = "arXiv",
   eprint = {0805.0554},
 keywords = {stars: atmospheres, Sun: abundances, stars: fundamental parameters, stars: general, stars: late-type, stars: supergiants},
     year = 2008,
    month = aug,
   volume = 486,
    pages = {951-970},
      doi = {10.1051/0004-6361:200809724},
   adsurl = {http://adsabs.harvard.edu/abs/2008A%26A...486..951G},
  adsnote = {Provided by the SAO/NASA Astrophysics Data System}
}

// Yang++2008
// magnetic broadening of 5 stars in TWA
@ARTICLE{2008AJ....136.2286Y,
   author = {{Yang}, H. and {Johns-Krull}, C.~M. and {Valenti}, J.~A.},
    title = "{Magnetic Properties of Young Stars in the TW Hydrae Association}",
  journal = {\aj},
archivePrefix = "arXiv",
   eprint = {0809.3290},
 keywords = {infrared: stars, stars: individual: TWA 5A: TWA 7: TWA 8A: TWA 9A: TWA 9B, stars: magnetic fields, stars: pre-main sequence},
     year = 2008,
    month = dec,
   volume = 136,
    pages = {2286-2294},
      doi = {10.1088/0004-6256/136/6/2286},
   adsurl = {http://adsabs.harvard.edu/abs/2008AJ....136.2286Y},
  adsnote = {Provided by the SAO/NASA Astrophysics Data System}
}

// Donati++ 2007
// MDI of T Tauri V2129
@Article{2007MNRAS.380.1297D,
  Title                    = {{Magnetic fields and accretion flows on the classical T Tauri star V2129 Oph}},
  Author                   = {{Donati}, J.-F. and {Jardine}, M.~M. and {Gregory}, S.~G. and {Petit}, P. and {Bouvier}, J. and {Dougados}, C. and {M{\'e}nard}, F. and {Collier Cameron}, A. and {Harries}, T.~J. and {Jeffers}, S.~V. and {Paletou}, F.},
  Journal                  = {\mnras},
  Year                     = {2007},
  Month                    = oct,
  Pages                    = {1297-1312},
  Volume                   = {380},
  Adsnote                  = {Provided by the SAO/NASA Astrophysics Data System},
  Adsurl                   = {http://adsabs.harvard.edu/abs/2007MNRAS.380.1297D},
  Archiveprefix            = {arXiv},
  Doi                      = {10.1111/j.1365-2966.2007.12194.x},
  Eprint                   = {0709.1414},
  Keywords                 = {accretion, accretion discs, techniques: spectroscopic, stars: formation, stars: individual: V2129 Oph, stars: magnetic fields, stars: rotation}
}

// Johns-Krull++2007
// Magnetic broadening of CTTS - sample of 14 stars
@Article{2007ApJ...664..975J,
  Title                    = {{The Magnetic Fields of Classical T Tauri Stars}},
  Author                   = {{Johns-Krull}, C.~M.},
  Journal                  = {\apj},
  Year                     = {2007},
  Month                    = aug,
  Pages                    = {975-985},
  Volume                   = {664},
  Adsnote                  = {Provided by the SAO/NASA Astrophysics Data System},
  Adsurl                   = {http://adsabs.harvard.edu/abs/2007ApJ...664..975J},
  Archiveprefix            = {arXiv},
  Doi                      = {10.1086/519017},
  Eprint                   = {0704.2923},
  File                     = {:71045.web.pdf:PDF},
  Keywords                 = {Accretion, Accretion Disks, Line: Profiles, Stars: Atmospheres, Stars: Formation, Stars: Magnetic Fields, Stars: Pre-Main-Sequence}
}

// Kochukhov 2007
// SYNMAST
@INPROCEEDINGS{OK2007pms,
   author = {{Kochukhov}, O.},
    title = "{Spectrum synthesis for magnetic, chemically stratified stellar atmospheres}",
booktitle = {Physics of Magnetic Stars},
     year = 2007,
   eprint = {{astro-ph/0701084}},
   editor = {{Romanyuk}, I.~I. and {Kudryavtsev}, D.~O. and {Neizvestnaya}, O.~M. and
	{Shapoval}, V.~M.},
    pages = {109-118},
   adsurl = {http://adsabs.harvard.edu/abs/2007pms..conf..109K},
  adsnote = {Provided by the SAO/NASA Astrophysics Data System}
}

// Volume-limited Ab/Bp sample. Incidence of magnetic fields
// Power ++ 2007
@INPROCEEDINGS{2007pms..conf...89P,
   author = {{Power}, J. and {Wade}, G.~A. and {Hanes}, D.~A. and {Aurier}, M. and 
	{Silvester}, J.},
    title = "{Properties of a volume-limited sample of magnetic Ap/Bp stars}",
booktitle = {Physics of Magnetic Stars},
     year = 2007,
   eprint = {astro-ph/0612557},
   editor = {{Romanyuk}, I.~I. and {Kudryavtsev}, D.~O. and {Neizvestnaya}, O.~M. and 
	{Shapoval}, V.~M.},
    pages = {89-97},
   adsurl = {http://adsabs.harvard.edu/abs/2007pms..conf...89P},
  adsnote = {Provided by the SAO/NASA Astrophysics Data System}
}

// Torres 2006
// Photometry V band
@ARTICLE{2006A&A...460..695T,
       author = {{Torres}, C.~A.~O. and {Quast}, G.~R. and {da Silva}, L. and
         {de La Reza}, R. and {Melo}, C.~H.~F. and {Sterzik}, M.},
        title = "{Search for associations containing young stars (SACY). I. Sample and searching method}",
      journal = {\aap},
     keywords = {stars: pre-main sequence, stars: formation, stars: kinematics, stars: rotation, stars: abundances, open clusters and associations: individual: {\ensuremath{\beta}} Pictoris, Astrophysics},
         year = "2006",
        month = "Dec",
       volume = {460},
        pages = {695-708},
          doi = {10.1051/0004-6361:20065602},
archivePrefix = {arXiv},
       eprint = {astro-ph/0609258},
 primaryClass = {astro-ph},
       adsurl = {https://ui.adsabs.harvard.edu/\#abs/2006A&A...460..695T},
      adsnote = {Provided by the SAO/NASA Astrophysics Data System}
}

@ARTICLE{2005ApJ...635..466Y,
       author = {{Yang}, Hao and {Johns-Krull}, Christopher M. and {Valenti}, Jeff A.},
        title = "{Measuring the Magnetic Field of the Classical T Tauri Star TW Hydrae}",
      journal = {\apj},
     keywords = {Infrared: Stars, Stars: Individual: Constellation Name: TW Hydrae, Stars: Magnetic Fields, Stars: Pre-Main-Sequence, Astrophysics},
         year = "2005",
        month = "Dec",
       volume = {635},
       number = {1},
        pages = {466-475},
          doi = {10.1086/497070},
archivePrefix = {arXiv},
       eprint = {astro-ph/0509549},
 primaryClass = {astro-ph},
       adsurl = {https://ui.adsabs.harvard.edu/abs/2005ApJ...635..466Y},
      adsnote = {Provided by the SAO/NASA Astrophysics Data System}
}

// Kaufl++2004
// CRIRES paper
@InProceedings{2004SPIE.5492.1218K,
  Title                    = {{CRIRES: a high-resolution infrared spectrograph for ESO's VLT}},
  Author                   = {{KÃ¤ufl}, H.-U. and {Ballester}, P. and {Biereichel}, P. and {Delabre}, B. and {Donaldson}, R. and {Dorn}, R. and {Fedrigo}, E. and {Finger}, G. and {Fischer}, G. and {Franza}, F. and {Gojak}, D. and {Huster}, G. and {Jung}, Y. and {Lizon}, J.-L. and {Mehrgan}, L. and {Meyer}, M. and {Moorwood}, A. and {Pirard}, J.-F. and {Paufique}, J. and {Pozna}, E. and {Siebenmorgen}, R. and {Silber}, A. and {Stegmeier}, J. and {Wegerer}, S.},
  Booktitle                = {Ground-based Instrumentation for Astronomy},
  Year                     = {2004},
  Editor                   = {{Moorwood}, A.~F.~M. and {Iye}, M.},
  Month                    = sep,
  Pages                    = {1218-1227},
  Series                   = {Society of Photo-Optical Instrumentation Engineers (SPIE) Conference Series},
  Volume                   = {5492},
  Adsnote                  = {Provided by the SAO/NASA Astrophysics Data System},
  Adsurl                   = {http://adsabs.harvard.edu/abs/2004SPIE.5492.1218K},
  Doi                      = {10.1117/12.551480}
}

// Donati++ 2003
// ESPADONS paper
@INPROCEEDINGS{donati2003-espadons,
   author = {{Donati}, J.-F.},
    title = "{ESPaDOnS: An Echelle SpectroPolarimetric Device for the Observation of Stars at CFHT}",
booktitle = {Solar Polarization},
     year = 2003,
   series = {Astronomical Society of the Pacific Conference Series},
   volume = 307,
   editor = {{Trujillo-Bueno}, J. and {Sanchez Almeida}, J.},
    pages = {41},
   adsurl = {http://adsabs.harvard.edu/abs/2003ASPC..307...41D},
  adsnote = {Provided by the SAO/NASA Astrophysics Data System}
}
// 2MASS
@BOOK{2003tmc..book.....C,
   author = {{Cutri}, R.~M. and {Skrutskie}, M.~F. and {van Dyk}, S. and {Beichman}, C.~A. and {Carpenter}, J.~M. and {Chester}, T. and {Cambresy}, L. and {Evans}, T. and {Fowler}, J. and {Gizis}, J. and {Howard}, E. and {Huchra}, J. and {Jarrett}, T. and {Kopan}, E.~L. and {Kirkpatrick}, J.~D. and {Light}, R.~M. and {Marsh}, K.~A. and {McCallon}, H. and {Schneider}, S. and {Stiening}, R. and {Sykes}, M. and{Weinberg}, M. and {Wheaton}, W.~A. and {Wheelock}, S. and {Zacarias}, N.	},
    title = "{2MASS All Sky Catalog of point sources.}",
    booktitle = {``The IRSA 2MASS All-Sky Point Source Catalog, NASA/IPAC Infrared Science Archive.~<A href=''http://irsa.ipac.caltech.edu/applications/Gator/``>http://irsa.ipac.caltech.edu/applications/Gator/</A>''},
    year = 2003,
    month = jun,
    adsurl = {http://adsabs.harvard.edu/abs/2003tmc..book.....C},
    adsnote = {Provided by the SAO/NASA Astrophysics Data System}
}
// Guenther++1999
// Magnetic fields from EW of TTs
@ARTICLE{1999A&A...341..768G,
   author = {{Guenther}, E.~W. and {Lehmann}, H. and {Emerson}, J.~P. and 
	{Staude}, J.},
    title = "{Measurements of magnetic field strength on T Tauri stars}",
  journal = {\aap},
 keywords = {STARS: MAGNETIC FIELDS, STARS: PRE-MAIN SEQUENCE},
     year = 1999,
    month = jan,
   volume = 341,
    pages = {768-783},
   adsurl = {http://adsabs.harvard.edu/abs/1999A%26A...341..768G},
  adsnote = {Provided by the SAO/NASA Astrophysics Data System}
}

// another reference for paul's vdw broadening
@ARTICLE{1997MNRAS.290..102B,
   author = {{Barklem}, P.~S. and {O'Mara}, B.~J.},
    title = "{The broadening of p-d and d-p transitions by collisions with neutral hydrogen atoms}",
  journal = {\mnras},
 keywords = {ATOMIC DATA, SUN: ABUNDANCES},
     year = 1997,
    month = sep,
   volume = 290,
    pages = {102-106},
      doi = {10.1093/mnras/290.1.102},
   adsurl = {http://adsabs.harvard.edu/abs/1997MNRAS.290..102B},
  adsnote = {Provided by the SAO/NASA Astrophysics Data System}
}

// Anstee and O'Mara 1995
// ABO theory and collisional broadening
@ARTICLE{1995MNRAS.276..859A,
       author = {{Anstee}, S.~D. and {O'Mara}, B.~J.},
        title = "{Width cross-sections for collisional broadening of s-p and p-s transitions by atomic hydrogen}",
      journal = {\mnras},
     keywords = {ATOMIC DATA, LINE: PROFILES, SUN: ABUNDANCES},
         year = 1995,
        month = Oct,
       volume = {276},
        pages = {859-866},
          doi = {10.1093/mnras/276.3.859},
       adsurl = {https://ui.adsabs.harvard.edu/\#abs/1995MNRAS.276..859A},
      adsnote = {Provided by the SAO/NASA Astrophysics Data System}
}

// Basri++1992
// Magnetic fieds of TTs from EW method
@ARTICLE{1992ApJ...390..622B,
   author = {{Basri}, G. and {Marcy}, G.~W. and {Valenti}, J.~A.},
    title = "{Limits on the magnetic flux of pre-main-sequence stars}",
  journal = {\apj},
 keywords = {Magnetic Flux, Pre-Main Sequence Stars, Stellar Magnetic Fields, Stellar Spectra, T Tauri Stars, Absorption Spectra, Line Spectra, Spectral Line Width, Zeeman Effect},
     year = 1992,
    month = may,
   volume = 390,
    pages = {622-633},
      doi = {10.1086/171312},
   adsurl = {http://adsabs.harvard.edu/abs/1992ApJ...390..622B},
  adsnote = {Provided by the SAO/NASA Astrophysics Data System}
}

// Bouvier 1992
// photometry V band
@ARTICLE{1992A&AS...92..481B,
   author = {{Bouvier}, J. and {Appenzeller}, I.},
    title = "{A magnitude-limited spectroscopic and photometric survey of Rho Ophiuchus X-ray sources}",
  journal = {\aaps},
 keywords = {Astronomical Photometry, Astronomical Spectroscopy, Ophiuchi Clouds, X Ray Sources, X Ray Spectroscopy, Emission Spectra, H Alpha Line, Heao 2, Hertzsprung-Russell Diagram, Lithium, Pre-Main Sequence Stars, Sky Surveys (Astronomy)},
     year = 1992,
    month = feb,
   volume = 92,
    pages = {481-516},
   adsurl = {http://adsabs.harvard.edu/abs/1992A%26AS...92..481B},
  adsnote = {Provided by the SAO/NASA Astrophysics Data System}
}

// Gray 1992
// Stellar photospheres book
@BOOK{1992oasp.book.....G,
       author = {{Gray}, D.~F.},
        title = "{The observation and analysis of stellar photospheres.}",
    booktitle = {Camb. Astrophys. Ser., Vol. 20,},
         year = 1992,
       adsurl = {https://ui.adsabs.harvard.edu/#abs/1992oasp.book.....G},
      adsnote = {Provided by the SAO/NASA Astrophysics Data System}
}

// Landi Degl'Innocenti 1982
// about effective lande factor
@ARTICLE{1982SoPh...77..285L,
   author = {{Landi Degl'Innocenti}, E.},
    title = "{On the effective Land{\'e} factor of magnetic lines}",
  journal = {\solphys},
     year = 1982,
    month = apr,
   volume = 77,
    pages = {285-289},
      doi = {10.1007/BF00156111},
   adsurl = {http://adsabs.harvard.edu/abs/1982SoPh...77..285L},
  adsnote = {Provided by the SAO/NASA Astrophysics Data System}
}

@ARTICLE{1974ITAC...19..716A,
       author = {{Akaike}, H.},
        title = "{A New Look at the Statistical Model Identification}",
      journal = {IEEE Transactions on Automatic Control},
     keywords = {MAXIMUM ENTROPY, POWER SPECTRA},
         year = 1974,
        month = Jan,
       volume = {19},
        pages = {716-723},
       adsurl = {https://ui.adsabs.harvard.edu/#abs/1974ITAC...19..716A},
      adsnote = {Provided by the SAO/NASA Astrophysics Data System}
}