@article{IizukaGL,
	title={Globally and locally consistent image completion},
	author={Iizuka, Satoshi and Simo-Serra, Edgar and Ishikawa, Hiroshi},
	journal={ACM Transactions on Graphics (TOG)},
	volume={36},
	number={4},
	pages={1--14},
	year={2017},
	publisher={ACM}
}

@inproceedings{partialconv2017,
	title={Image Inpainting for Irregular Holes Using Partial Convolutions},
	author={Liu, Guilin and Reda, Fitsum A and Shih, Kevin J and Wang, Ting-Chun and Tao, Andrew and Catanzaro, Bryan},
	booktitle={European Conference on Computer Vision (ECCV)},
	pages={85--100},
	year={2018}
}

@inproceedings{yu2018free,
	title={Free-form image inpainting with gated convolution},
	author={Yu, Jiahui and Lin, Zhe and Yang, Jimei and Shen, Xiaohui and Lu, Xin and Huang, Thomas S},
	booktitle={IEEE International Conference on Computer Vision (ICCV)},
	pages={4471--4480},
	year={2019}
}

@article{nazeri2019edgeconnect,
	title={Edgeconnect: Generative image inpainting with adversarial edge learning},
	author={Nazeri, Kamyar and Ng, Eric and Joseph, Tony and Qureshi, Faisal Z and Ebrahimi, Mehran},
	journal={arXiv preprint arXiv:1901.00212},
	year={2019}
}
@article{liu2020rethinking,
	title={Rethinking Image Inpainting via a Mutual Encoder-Decoder with Feature Equalizations},
	author={Liu, Hongyu and Jiang, Bin and Song, Yibing and Huang, Wei and Yang, Chao},
	journal={European Conference on Computer Vision (ECCV)},
	year={2020}
}

@inproceedings{BertalmioInpainting,
	title = {Image Inpainting},
	author = {Bertalmio, Marcelo and Sapiro, Guillermo and Caselles, Vincent and Ballester, Coloma},
	booktitle = {Annual Conference on Computer Graphics and Interactive Techniques (SIGGRAPH)},
	pages = {417--424},
	year = {2000}
}

@article{Barnes:2009:PAR,
	title={PatchMatch: A Randomized Correspondence Algorithm for Structural Image Editing},
	author={Barnes, Connelly and Shechtman, Eli and Finkelstein, Adam and Goldman, Dan B},
	journal={ACM Transactions on Graphics (TOG)},
	volume={28},
	number={3},
	pages={1--11},
	year={2009}
}

@INPROCEEDINGS{LeMeur2011examplar, 
	author={Olivier Le Meur and Josselin Gautier and Christine Guillemot}, 
	booktitle={IEEE International Conference on Image Processing (ICIP)}, 
	title={Examplar-based inpainting based on local geometry}, 
	pages={3401-3404}, 
	year={2011}, 
}

@article{XuPatchSparsity,
	title={Image inpainting by patch propagation using patch sparsity},
	author={Xu, Zongben and Sun, Jian},
	journal={IEEE transactions on image processing (TIP)},
	volume={19},
	number={5},
	pages={1153--1165},
	year={2010}
}

@inproceedings{pathak2016context,
	title={Context encoders: Feature learning by inpainting},
	author={Pathak, Deepak and Krahenbuhl, Philipp and Donahue, Jeff and Darrell, Trevor and Efros, Alexei A},
	booktitle={IEEE conference on computer vision and pattern recognition (CVPR)},
	pages={2536--2544},
	year={2016}
}

@inproceedings{Yang_2017_CVPR,
	title={High-resolution image inpainting using multi-scale neural patch synthesis},
	author={Yang, Chao and Lu, Xin and Lin, Zhe and Shechtman, Eli and Wang, Oliver and Li, Hao},
	booktitle={IEEE Conference on Computer Vision and Pattern Recognition (CVPR)},
	pages={4076--4084},
	year={2017}
}

@inproceedings{song_contextual_2018,
	title={Contextual-Based Image Inpainting: Infer, Match, and Translate},
	author={Song, Yuhang and Yang, Chao and Lin, Zhe and Liu, Xiaofeng and Huang, Qin and Li, Hao and Kuo, C-C Jay},
	booktitle={European Conference on Computer Vision (ECCV)},
	pages={3--18},
	year={2018}
}

@inproceedings{Yan_2018_Shift,
	title = {Shift-Net: Image Inpainting via Deep Feature Rearrangement},
	author = {Yan, Zhaoyi and Li, Xiaoming and Li, Mu and Zuo, Wangmeng and Shan, Shiguang},
	booktitle = {European Conference on Computer Vision (ECCV)},
	pages = {3--19},
	year = {2018}
}

@inproceedings{yu2018generative,
 	author={Yu, Jiahui and Lin, Zhe and Yang, Jimei and Shen, Xiaohui and Lu, Xin and Huang, Thomas S},
	title = {Generative Image Inpainting with Contextual Attention},
	booktitle = {IEEE Conference on Computer Vision and Pattern Recognition (CVPR)},
	pages = {5505-5514},
	year = {2018}
}

@article{doersch2015makes,
	title={What makes Paris look like Paris?},
	author={Doersch, Carl and Singh, Saurabh and Gupta, Abhinav and Sivic, Josef and Efros, Alexei A},
	journal={ACM Transactions on Graphics (TOG)},
	volume={31},
	number={4},
	pages={1--9},
	year={2012}
}

@article{zhou2017places,
	title={Places: A 10 million image database for scene recognition},
	author={Zhou, Bolei and Lapedriza, Agata and Khosla, Aditya and Oliva, Aude and Torralba, Antonio},
	journal={IEEE transactions on pattern analysis and machine intelligence (TPAMI)},
	volume={40},
	number={6},
	pages={1452--1464},
	year={2017}
}

@inproceedings{karras2017progressive,
	title={Progressive Growing of GANs for Improved Quality, Stability, and Variation},
	author={Karras, Tero and Aila, Timo and Laine, Samuli and Lehtinen, Jaakko},
	booktitle={International Conference on Learning Representations (ILIR)},
	year={2018}
}

@inproceedings{xie2019image,
	title={Image inpainting with learnable bidirectional attention maps},
	author={Xie, Chaohao and Liu, Shaohui and Li, Chao and Cheng, Ming-Ming and Zuo, Wangmeng and Liu, Xiao and Wen, Shilei and Ding, Errui},
	booktitle={IEEE International Conference on Computer Vision (ICCV)},
	pages={8858--8867},
	year={2019}
}

@article{ballester2001filling,
	title={Filling-in by joint interpolation of vector fields and gray levels},
	author={Ballester, Coloma and Bertalmio, Marcelo and Caselles, Vicent and Sapiro, Guillermo and Verdera, Joan},
	journal={IEEE transactions on image processing (TIP)},
	volume={10},
	number={8},
	pages={1200--1211},
	year={2001}
}

@article{KomodakisPriority,
	title={Image completion using efficient belief propagation via priority scheduling and dynamic pruning},
	author={Komodakis, Nikos and Tziritas, Georgios},
	journal={IEEE Transactions on Image Processing (TIP)},
	volume={16},
	number={11},
	pages={2649--2661},
	year={2007}
}

@inproceedings{WilczkowiakBMVC05,
	title = {Hole Filling Through Photomontage},
	author={Wilczkowiak, Marta and Brostow, Gabriel J and Tordoff, Ben and Cipolla, Roberto},
	booktitle = {British Machine Vision Conference (BMVC)},
	pages = {492-501},
	year = {2005},
}

@inproceedings{pathakCVPR16context,
	Author = {Pathak, Deepak and Kr\"ahenb\"uhl, Philipp and Donahue, Jeff and Darrell, Trevor and Efros, Alexei},
	Title = {Context Encoders: Feature Learning by Inpainting},
	Booktitle = {IEEE Conference on Computer Vision and Pattern Recognition (CVPR)},
	pages = {2536-2544},
	Year = {2016}
}

@article{criminisi2004region,
	title={Region filling and object removal by exemplar-based image inpainting},
	author={Criminisi, Antonio and P{\'e}rez, Patrick and Toyama, Kentaro},
	journal={IEEE Transactions on image processing (TIP)},
	volume={13},
	number={9},
	pages={1200--1212},
	year={2004}
}

@article{DiZenzo1986gradient,
	title={A note on the gradient of a multi-image},
	author={Di Zenzo, Silvano},
	journal={Computer vision, graphics, and image processing},
	volume={33},
	number={1},
	pages={116--125},
	year={1986}
}

@inproceedings{KohlerSSHJR2014,
	title = {Mask-Specific Inpainting with Deep Neural Networks},
	author = {K{\"o}hler, Rolf and Schuler, Christian and Sch{\"o}lkopf, Bernhard and Harmeling, Stefan},
	booktitle = {German Conference on Pattern Recognition (GCPR)},
	pages = {523-534},
	year = {2014},
}

@inproceedings{RenShepardConv,
	title = {Shepard Convolutional Neural Networks},
	author = {Ren, Jimmy SJ and Xu, Li and Yan, Qiong and Sun, Wenxiu},
	booktitle = {Advances in Neural Information Processing Systems (NeurIPS)},
	pages = {901--909},
	year = {2015},
}

@inproceedings{XieDenoiseCNN,
	author = {Xie, Junyuan and Xu, Linli and Chen, Enhong},
	title = {Image Denoising and Inpainting with Deep Neural Networks},
	booktitle = {Advances in Neural Information Processing Systems (NeurIPS)},
	pages = {341--349},
	year = {2012}
}

@inproceedings{WangMulticolumn,
	author = {Wang, Yi and Tao, Xin and Qi, Xiaojuan and Shen, Xiaoyong and Jia, Jiaya},
	title = {Image Inpainting via Generative Multi-column Convolutional Neural Networks},
	booktitle = {Advances in Neural Information Processing Systems (NeurIPS)},
	pages = {329--338},
	year = {2018}
} 

@inproceedings{zheng2019pluralistic,
	title={Pluralistic Image Completion},
	author={Zheng, Chuanxia and Cham, Tat-Jen and Cai, Jianfei},
	booktitle={IEEE Conference on Computer Vision and Pattern Recognition (CVPR)},
	pages={1438--1447},
	year={2019}
}

@inproceedings{liu2019coherent,
	title={Coherent semantic attention for image inpainting},
	author={Liu, Hongyu and Jiang, Bin and Xiao, Yi and Yang, Chao},
	booktitle={IEEE International Conference on Computer Vision (ICCV)},
	pages={4170--4179},
	year={2019}
}

@InProceedings{Xiong_2019_CVPR,
	author = {Xiong, Wei and Yu, Jiahui and Lin, Zhe and Yang, Jimei and Lu, Xin and Barnes, Connelly and Luo, Jiebo},
	title = {Foreground-Aware Image Inpainting},
	booktitle = {IEEE Conference on Computer Vision and Pattern Recognition (CVPR)},
	pages = {5833--5841},
	year = {2019}
}

@inproceedings{UNetRFB15a,
	title={U-net: Convolutional networks for biomedical image segmentation},
	author={Ronneberger, Olaf and Fischer, Philipp and Brox, Thomas},
	booktitle={International Conference on Medical image computing and computer-assisted intervention (MICCAI)},
	pages={234--241},
	year={2015}
}

@inproceedings{zhu2017unpaired,
	title={Unpaired image-to-image translation using cycle-consistent adversarial networks},
	author={Zhu, Jun-Yan and Park, Taesung and Isola, Phillip and Efros, Alexei A},
	booktitle={IEEE international conference on computer vision (ICCV)},
	pages={2223--2232},
	year={2017}
}

@inproceedings{isola2017cvpr, 
	title={Image-to-Image Translation with Conditional Adversarial Networks}, 
	author={Isola, Phillip and Zhu, Jun-Yan and Zhou, Tinghui and Efros, Alexei A}, 
	booktitle={IEEE Conference on Computer Vision and Pattern Recognition (CVPR)}, 
	pages={1125--1134}, 
	year={2017},
}

@inproceedings{Johnson2016Perceptual,
	title = {Perceptual losses for real-time style transfer and super-resolution},
	author = {Johnson, Justin and Alahi, Alexandre and Fei-Fei, Li},
	booktitle = {European Conference on Computer Vision (ECCV)},
	pages = {694--711},
	year={2016}
}

@inproceedings{Gatys2016ImageST,
	title={Image Style Transfer Using Convolutional Neural Networks},
	author={Gatys, Leon A and Ecker, Alexander S and Bethge, Matthias},
	booktitle={IEEE Conference on Computer Vision and Pattern Recognition (CVPR)},
	pages={2414-2423},
	year={2016}
}

@inproceedings{Goodfellow_GAN,
	title = {Generative Adversarial Nets},
	author = {Goodfellow, Ian and Pouget-Abadie, Jean and Mirza, Mehdi and Xu, Bing and Warde-Farley, David and Ozair, Sherjil and Courville, Aaron and Bengio, Yoshua},
	booktitle = {Advances in Neural Information Processing Systems (NeurIPS)},
	pages = {2672--2680},
	year = {2014},
}

@inproceedings{SimonyanZ14a,
	author    = {Simonyan, Karen and Zisserman, Andrew},
	title     = {Very Deep Convolutional Networks for Large-Scale Image Recognition},
	booktitle = {International Conference on Learning Representations (ICLR)},
	year      = {2015},
}

@article{ILSVRC15,
	title={Imagenet large scale visual recognition challenge},
	author={Russakovsky, Olga and Deng, Jia and Su, Hao and Krause, Jonathan and Satheesh, Sanjeev and Ma, Sean and Huang, Zhiheng and Karpathy, Andrej and Khosla, Aditya and Bernstein, Michael and others},
	journal={International journal of computer vision (IJCV)},
	volume={115},
	number={3},
	pages={211--252},
	year={2015}
}

@inproceedings{salimans2016improved,
	author = {Salimans, Tim and Goodfellow, Ian and Zaremba, Wojciech and Cheung, Vicki and Radford, Alec and Chen, Xi and Chen, Xi},
	title = {Improved Techniques for Training GANs},
	booktitle = {Advances in Neural Information Processing Systems (NeurIPS)},
	pages = {2234--2242},
	Year = {2017}
}

@inproceedings{pixelCNN,
	title = {Conditional Image Generation with PixelCNN Decoders},
	author = {van den Oord, Aaron and Kalchbrenner, Nal and Espeholt, Lasse and kavukcuoglu, koray and Vinyals, Oriol and Graves, Alex},
	booktitle = {Advances in Neural Information Processing Systems (NeurIPS)},
	pages = {4790--4798},
	year = {2016},
}


@inproceedings{han2017stackgan,
	title={StackGAN: Text to photo-realistic image synthesis with stacked generative adversarial networks},
	author={Zhang, Han and Xu, Tao and Li, Hongsheng and Zhang, Shaoting and Wang, Xiaogang and Huang, Xiaolei and Metaxas, Dimitris N},
	booktitle={IEEE international conference on computer vision (ICCV)},
	pages={5907--5915},
	year={2017}
}

@inproceedings{Ledig2016a,
	title = {Photo-Realistic Single Image Super-Resolution Using a Generative Adversarial Network},
	author = {Ledig, Christian and Theis, Lucas and Huszar, Ferenc and Caballero, Jose and Aitken, Andrew P. and Tejani, Alykhan and Totz, Johannes and Wang, Zehan and Shi, Wenzhe},
	booktitle = {IEEE Conference on Computer Vision and Pattern Recognition (CVPR)},
	pages = {105--114},
	year = {2017}
}

@inproceedings{MartinWGAN,
	title={Wasserstein generative adversarial networks},
	author={Arjovsky, Martin and Chintala, Soumith and Bottou, L{\'e}on},
	booktitle={International Conference on Machine Learning (ICML)},
	year={2017}
}

@inproceedings{ishaan2017improved,
	title={Improved Training of Wasserstein GANs},
	author={Gulrajani, Ishaan and Ahmed, Faruk and Arjovsky, Martin and Dumoulin, Vincent and Courville, Aaron C},
	booktitle={Advances in Neural Information Processing Systems (NeurIPS)},
	pages={5767--5777},
	year={2017},
}   

@article{AdamOptim,
    author={Kingma, Diederik P and Ba, Jimmy Lei},
	title={Adam: A Method for Stochastic Optimization},
	journal={arXiv preprint arXiv:1412.6980},
	year={2014},
}

@article{chan2001local,
	title={Local inpainting models and TV inpainting},
	author={Chan, T and Shen, J},
	journal={SIAM Journal on Applied Mathematics (SJAP)},
	volume={62},
	number={3},
	pages={1019--1043},
	year={2001}
}

@article{guillemot2013image,
	title={Image inpainting: Overview and recent advances},
	author={Guillemot, Christine and Le Meur, Olivier},
	journal={IEEE signal processing magazine},
	volume={31},
	number={1},
	pages={127--144},
	year={2013}
}

@inproceedings{Efros1999iccv,
	title={Texture synthesis by non-parametric sampling},
	author={Efros, Alexei A and Leung, Thomas K},
	booktitle={IEEE International conference on computer vision (ICCV)},
	pages={1033--1038},
	year={1999}
}

@inproceedings{Barnes2010eccv,
	title={The generalized patchmatch correspondence algorithm},
	author={Barnes, Connelly and Shechtman, Eli and Goldman, Dan B and Finkelstein, Adam},
	booktitle={European Conference on Computer Vision (ECCV)},
	pages={29--43},
	year={2010}
}

@inproceedings{wexler2004cvpr,
	title={Space-time video completion},
	author={Wexler, Yonatan and Shechtman, Eli and Irani, Michal},
	booktitle={IEEE Computer Society Conference on Computer Vision and Pattern Recognition (CVPR)},
    pages={I--120},
	year={2004}
}

@inproceedings{he2012eccv,
	title={Statistics of patch offsets for image completion},
	author={He, Kaiming and Sun, Jian},
	booktitle={European Conference on Computer Vision (ECCV)},
	pages={16--29},
	year={2012}
}

@inproceedings{pritch2009iccv,
	title={Shift-map image editing},
	author={Pritch, Yael and Kav-Venaki, Eitam and Peleg, Shmuel},
	booktitle={IEEE international conference on computer vision (ICCV)},
	pages={151--158},
	year={2009},
	organization={IEEE}
}

@inproceedings{ren2019structureflow,
	title={StructureFlow: Image Inpainting via Structure-aware Appearance Flow},
	author={Ren, Yurui and Yu, Xiaoming and Zhang, Ruonan and Li, Thomas H and Liu, Shan and Li, Ge},
	booktitle={IEEE international conference on computer vision (ICCV)},
	pages={181--190},
	year={2019}
}

@inproceedings{zhang2018mm,
	title={Semantic image inpainting with progressive generative networks},
	author={Zhang, Haoran and Hu, Zhenzhen and Luo, Changzhi and Zuo, Wangmeng and Wang, Meng},
	booktitle={ACM international conference on Multimedia (ACM MM)},
	pages={1939--1947},
	year={2018}
}

@InProceedings{Sajjadi_2017_ICCV,
	author = {Sajjadi, Mehdi S. M. and Scholkopf, Bernhard and Hirsch, Michael},
	title = {EnhanceNet: Single Image Super-Resolution Through Automated Texture Synthesis},
	booktitle = {IEEE International Conference on Computer Vision (ICCV)},
    pages={4491--4500},
	year = {2017}
}
@inproceedings{zhang2018unreasonable,
	title={The unreasonable effectiveness of deep features as a perceptual metric},
	author={Zhang, Richard and Isola, Phillip and Efros, Alexei A and Shechtman, Eli and Wang, Oliver},
	booktitle={IEEE conference on computer vision and pattern recognition(CVPR)},
	pages={586--595},
	year={2018}
}

@article{wang2004image,
	title={Image quality assessment: from error visibility to structural similarity},
	author={Wang, Zhou and Bovik, Alan C and Sheikh, Hamid R and Simoncelli, Eero P},
	journal={IEEE transactions on image processing(TIP)},
	volume={13},
	number={4},
	pages={600--612},
	year={2004}
}
