@STRING{IEEE_J_AES        = "{IEEE} Trans. Aerosp. Electron. Syst."}
@STRING{IEEE_J_ANE        = "{IEEE} Trans. Aerosp. Navig. Electron."}
@STRING{IEEE_J_ANNE       = "{IEEE} Trans. Aeronaut. Navig. Electron."}
@STRING{IEEE_J_AS         = "{IEEE} Trans. Aerosp."}
@STRING{IEEE_J_AIRE       = "{IEEE} Trans. Airborne Electron."}
@STRING{IEEE_J_MIL        = "{IEEE} Trans. Mil. Electron."}



autos, transportation and vehicles (non-aerospace)
@STRING{IEEE_J_ITS        = "{IEEE} Trans. Intell. Transp. Syst."}
@STRING{IEEE_J_VT         = "{IEEE} Trans. Veh. Technol."}
@STRING{IEEE_J_VC         = "{IEEE} Trans. Veh. Commun."}



circuits, signals, systems, audio and controls
@STRING{IEEE_J_SPL        = "{IEEE} Signal Process. Lett."}
@STRING{IEEE_J_ASSP       = "{IEEE} Trans. Acoust., Speech, Signal Process."}
@STRING{IEEE_J_AU         = "{IEEE} Trans. Audio"}
@STRING{IEEE_J_AUEA       = "{IEEE} Trans. Audio Electroacoust."}
@STRING{IEEE_J_AC         = "{IEEE} Trans. Autom. Control"}
@STRING{IEEE_J_CAS        = "{IEEE} Trans. Circuits Syst."}
@STRING{IEEE_J_CASVT      = "{IEEE} Trans. Circuits Syst. Video Technol."}
@STRING{IEEE_J_CASI       = "{IEEE} Trans. Circuits Syst. {I}"}
@STRING{IEEE_J_CASII      = "{IEEE} Trans. Circuits Syst. {II}"}
in 2004 CASI and CASII renamed part title to CASI_RP and CASII_EB, respectively.
@STRING{IEEE_J_CASI_RP    = "{IEEE} Trans. Circuits Syst. {I}"}
@STRING{IEEE_J_CASII_EB   = "{IEEE} Trans. Circuits Syst. {II}"}
@STRING{IEEE_J_CT         = "{IEEE} Trans. Circuit Theory"}
@STRING{IEEE_J_CST        = "{IEEE} Trans. Control Syst. Technol."}
@STRING{IEEE_J_SP         = "{IEEE} Trans. Signal Process."}
@STRING{IEEE_J_SU         = "{IEEE} Trans. Sonics Ultrason."}
@STRING{IEEE_J_SAP        = "{IEEE} Trans. Speech Audio Process."}
@STRING{IEEE_J_UE         = "{IEEE} Trans. Ultrason. Eng."}
@STRING{IEEE_J_UFFC       = "{IEEE} Trans. Ultrason., Ferroelectr., Freq. Control"}
@STRING{IEEE_J_JSTSP      = "{IEEE} J. Sel. Topics Signal Process."}




communications
@STRING{IEEE_J_COML       = "{IEEE} Commun. Lett."}
@STRING{IEEE_J_JSAC       = "{IEEE} J. Sel. Areas Commun."}
@STRING{IEEE_J_COM        = "{IEEE} Trans. Commun."}
@STRING{IEEE_J_COMT       = "{IEEE} Trans. Commun. Technol."}
@STRING{IEEE_J_WCOM       = "{IEEE} Trans. Wireless Commun."}



components, packaging and manufacturing
@STRING{IEEE_J_ADVP       = "{IEEE} Trans. Adv. Packag."}
@STRING{IEEE_J_CHMT       = "{IEEE} Trans. Compon., Hybrids, Manuf. Technol."}
@STRING{IEEE_J_CPMTA      = "{IEEE} Trans. Compon., Packag., Manuf. Technol. {A}"}
@STRING{IEEE_J_CPMTB      = "{IEEE} Trans. Compon., Packag., Manuf. Technol. {B}"}
@STRING{IEEE_J_CPMTC      = "{IEEE} Trans. Compon., Packag., Manuf. Technol. {C}"}
@STRING{IEEE_J_CAPT       = "{IEEE} Trans. Compon. Packag. Technol."}
@STRING{IEEE_J_CAPTS      = "{IEEE} Trans. Compon. Packag. Technol."}
@STRING{IEEE_J_CPART      = "{IEEE} Trans. Compon. Parts"}
@STRING{IEEE_J_EPM        = "{IEEE} Trans. Electron. Packag. Manuf."}
@STRING{IEEE_J_MFT        = "{IEEE} Trans. Manuf. Technol."}
@STRING{IEEE_J_PHP        = "{IEEE} Trans. Parts, Hybrids, Packag."}
@STRING{IEEE_J_PMP        = "{IEEE} Trans. Parts, Mater., Packag."}



CAD
@STRING{IEEE_J_TCAD       = "{IEEE} J. Technol. Comput. Aided Design"}
@STRING{IEEE_J_CAD        = "{IEEE} Trans. Comput.-Aided Design Integr. Circuits Syst."}



coding, data, information, knowledge
@STRING{IEEE_J_IT         = "{IEEE} Trans. Inf. Theory"}
@STRING{IEEE_J_KDE        = "{IEEE} Trans. Knowl. Data Eng."}



computers, computation, networking and software
@STRING{IEEE_J_C          = "{IEEE} Trans. Comput."}
@STRING{IEEE_J_CAL        = "{IEEE} Comput. Archit. Lett."}
disabled till definition is verified
STRING{IEEE_J_DSC         = "{IEEE} Trans. Dependable Secure Comput."}
@STRING{IEEE_J_ECOMP      = "{IEEE} Trans. Electron. Comput."}
@STRING{IEEE_J_EVC        = "{IEEE} Trans. Evol. Comput."}
@STRING{IEEE_J_FUZZ       = "{IEEE} Trans. Fuzzy Syst."}
@STRING{IEEE_J_IFS        = "{IEEE} Trans. Inf. Forensics Security"}
@STRING{IEEE_J_MC         = "{IEEE} Trans. Mobile Comput."}
@STRING{IEEE_J_NET        = "{IEEE/ACM} Trans. Netw."}
@STRING{IEEE_J_NN         = "{IEEE} Trans. Neural Netw."}
@STRING{IEEE_J_PDS        = "{IEEE} Trans. Parallel Distrib. Syst."}
@STRING{IEEE_J_SE         = "{IEEE} Trans. Softw. Eng."}



computer graphics, imaging, and multimedia
@STRING{IEEE_J_JDT        = "{IEEE/OSA} J. Display Technol."}
@STRING{IEEE_J_IP         = "{IEEE} Trans. Image Process."}
@STRING{IEEE_J_MM         = "{IEEE} Trans. Multimedia"}
@STRING{IEEE_J_VCG        = "{IEEE} Trans. Vis. Comput. Graphics"}



cybernetics, ergonomics, robots, man-machine, and automation
@STRING{IEEE_J_ASE        = "{IEEE} Trans. Autom. Sci. Eng."}
@STRING{IEEE_J_JRA        = "{IEEE} J. Robot. Autom."}
@STRING{IEEE_J_HFE        = "{IEEE} Trans. Hum. Factors Electron."}
@STRING{IEEE_J_MMS        = "{IEEE} Trans. Man-Mach. Syst."}
@STRING{IEEE_J_PAMI       = "{IEEE} Trans. Pattern Anal. Mach. Intell."}
in 1989 JRA became RA
in August 2004, RA split into ASE and RO
@STRING{IEEE_J_RA         = "{IEEE} Trans. Robot. Autom."}
@STRING{IEEE_J_RO         = "{IEEE} Trans. Robot."}
@STRING{IEEE_J_SMC        = "{IEEE} Trans. Syst., Man, Cybern."}
@STRING{IEEE_J_SMCA       = "{IEEE} Trans. Syst., Man, Cybern. {A}"}
@STRING{IEEE_J_SMCB       = "{IEEE} Trans. Syst., Man, Cybern. {B}"}
@STRING{IEEE_J_SMCC       = "{IEEE} Trans. Syst., Man, Cybern. {C}"}
@STRING{IEEE_J_SSC        = "{IEEE} Trans. Syst. Sci. Cybern."}



earth, wind, fire and water
@STRING{IEEE_J_GE         = "{IEEE} Trans. Geosci. Electron."}
@STRING{IEEE_J_GRS        = "{IEEE} Trans. Geosci. Remote Sens."}
@STRING{IEEE_J_GRSL       = "{IEEE} Geosci. Remote Sens. Lett."}
@STRING{IEEE_J_OE         = "{IEEE} J. Ocean. Eng."}



education, engineering, history, IEEE, professional
disabled till definition is verified
STRING{IEEE_J_CJECE       = "Canadian J. Elect. Comput. Eng."}
@STRING{IEEE_J_PROC       = "Proc. {IEEE}"}
@STRING{IEEE_J_EDU        = "{IEEE} Trans. Educ."}
@STRING{IEEE_J_EM         = "{IEEE} Trans. Eng. Manag."}
disabled till definition is verified
STRING{IEEE_J_EWS         = "{IEEE} Trans. Eng. Writing Speech"}
@STRING{IEEE_J_PC         = "{IEEE} Trans. Prof. Commun."}



electromagnetics, antennas, EMI, magnetics and microwave
@STRING{IEEE_J_AWPL       = "{IEEE} Antennas Wireless Propag. Lett."}
@STRING{IEEE_J_MGWL       = "{IEEE} Microw. Guided Wave Lett."}
IEEE seems to want "Compon." here, not "Comp."
@STRING{IEEE_J_MWCL       = "{IEEE} Microw. Wireless Compon. Lett."}
@STRING{IEEE_J_AP         = "{IEEE} Trans. Antennas Propag."}
@STRING{IEEE_J_EMC        = "{IEEE} Trans. Electromagn. Compat."}
@STRING{IEEE_J_MAG        = "{IEEE} Trans. Magn."}
@STRING{IEEE_J_MTT        = "{IEEE} Trans. Microw. Theory Tech."}
@STRING{IEEE_J_RFI        = "{IEEE} Trans. Radio Freq. Interference"}
@STRING{IEEE_J_TJMJ       = "{IEEE} Transl. J. Magn. Jpn."}



energy and power
@STRING{IEEE_J_EC         = "{IEEE} Trans. Energy Convers."}
@STRING{IEEE_J_PEL        = "{IEEE} Power Electron. Lett."}
@STRING{IEEE_J_PWRAS      = "{IEEE} Trans. Power App. Syst."}
@STRING{IEEE_J_PWRD       = "{IEEE} Trans. Power Del."}
@STRING{IEEE_J_PWRE       = "{IEEE} Trans. Power Electron."}
@STRING{IEEE_J_PWRS       = "{IEEE} Trans. Power Syst."}



industrial, commercial and consumer
@STRING{IEEE_J_APPIND     = "{IEEE} Trans. Appl. Ind."}
@STRING{IEEE_J_BC         = "{IEEE} Trans. Broadcast."}
disabled till definition is verified
STRING{IEEE_J_BCTV        = "{IEEE} Trans. Broadcast Television Receivers"}
@STRING{IEEE_J_CE         = "{IEEE} Trans. Consum. Electron."}
@STRING{IEEE_J_IE         = "{IEEE} Trans. Ind. Electron."}
@STRING{IEEE_J_IECI       = "{IEEE} Trans. Ind. Electron. Contr. Instrum."}
@STRING{IEEE_J_IA         = "{IEEE} Trans. Ind. Appl."}
@STRING{IEEE_J_IGA        = "{IEEE} Trans. Ind. Gen. Appl."}
@STRING{IEEE_J_IINF       = "{IEEE} Trans. Ind. Informat."}
@STRING{IEEE_J_PSE        = "{IEEE} J. Product Safety Eng."}



instrumentation and measurement
@STRING{IEEE_J_IM         = "{IEEE} Trans. Instrum. Meas."}



insulation and materials
@STRING{IEEE_J_JEM        = "{IEEE/TMS} J. Electron. Mater."}
@STRING{IEEE_J_DEI        = "{IEEE} Trans. Dielectr. Electr. Insul."}
@STRING{IEEE_J_EI         = "{IEEE} Trans. Electr. Insul."}



mechanical
@STRING{IEEE_J_MECH       = "{IEEE/ASME} Trans. Mechatronics"}
@STRING{IEEE_J_MEMS       = "J. Microelectromech. Syst."}



medical and biological
@STRING{IEEE_J_BME        = "{IEEE} Trans. Biomed. Eng."}
Note: The B-ME journal later dropped the hyphen and became the BME.
@STRING{IEEE_J_B-ME       = "{IEEE} Trans. Bio-Med. Eng."}
@STRING{IEEE_J_BMELC      = "{IEEE} Trans. Bio-Med. Electron."}
disabled till definition is verified
STRING{IEEE_J_CBB         = "{IEEE/ACM} Trans. Comput. Biology Bioinformatics"}
@STRING{IEEE_J_ITBM       = "{IEEE} Trans. Inf. Technol. Biomed."}
@STRING{IEEE_J_ME         = "{IEEE} Trans. Med. Electron."}
@STRING{IEEE_J_MI         = "{IEEE} Trans. Med. Imag."}
@STRING{IEEE_J_NB         = "{IEEE} Trans. Nanobiosci."}
@STRING{IEEE_J_NSRE       = "{IEEE} Trans. Neural Syst. Rehabil. Eng."}
@STRING{IEEE_J_RE         = "{IEEE} Trans. Rehabil. Eng."}



 optics, lightwave and photonics
@STRING{IEEE_J_PTL        = "{IEEE} Photon. Technol. Lett."}
@STRING{IEEE_J_JLT        = "J. Lightw. Technol."}



physics, electrons, nanotechnology, nuclear and quantum electronics
@STRING{IEEE_J_EDL        = "{IEEE} Electron Device Lett."}
@STRING{IEEE_J_JQE        = "{IEEE} J. Quantum Electron."}
@STRING{IEEE_J_JSTQE      = "{IEEE} J. Sel. Topics Quantum Electron."}
@STRING{IEEE_J_ED         = "{IEEE} Trans. Electron Devices"}
@STRING{IEEE_J_NANO       = "{IEEE} Trans. Nanotechnol."}
@STRING{IEEE_J_NS         = "{IEEE} Trans. Nucl. Sci."}
@STRING{IEEE_J_PS         = "{IEEE} Trans. Plasma Sci."}



reliability
IEEE seems to want "Mat." here, not "Mater."
@STRING{IEEE_J_DMR        = "{IEEE} Trans. Device Mater. Rel."}
@STRING{IEEE_J_R          = "{IEEE} Trans. Rel."}



semiconductors, superconductors, electrochemical and solid state
@STRING{IEEE_J_ESSL       = "{IEEE/ECS} Electrochem. Solid-State Lett."}
@STRING{IEEE_J_JSSC       = "{IEEE} J. Solid-State Circuits"}
@STRING{IEEE_J_ASC        = "{IEEE} Trans. Appl. Supercond."}
@STRING{IEEE_J_SM         = "{IEEE} Trans. Semicond. Manuf."}



sensors
@STRING{IEEE_J_SENSOR     = "{IEEE} Sensors J."}



VLSI
@STRING{IEEE_J_VLSI       = "{IEEE} Trans. {VLSI} Syst."}






IEEE Magazines



@STRING{IEEE_M_AES        = "{IEEE} Aerosp. Electron. Syst. Mag."}
@STRING{IEEE_M_HIST       = "{IEEE} Ann. Hist. Comput."}
@STRING{IEEE_M_AP         = "{IEEE} Antennas Propag. Mag."}
@STRING{IEEE_M_ASSP       = "{IEEE} {ASSP} Mag."} 
@STRING{IEEE_M_CD         = "{IEEE} Circuits Devices Mag."}
@STRING{IEEE_M_CAS        = "{IEEE} Circuits Syst. Mag."}
@STRING{IEEE_M_COM        = "{IEEE} Commun. Mag."}
@STRING{IEEE_M_COMSOC     = "{IEEE} Commun. Soc. Mag."}
@STRING{IEEE_M_CIM        = "{IEEE} Comput. Intell. Mag."}
CSEM changed to CSE in 1999
@STRING{IEEE_M_CSE        = "{IEEE} Comput. Sci. Eng."}
@STRING{IEEE_M_CSEM       = "{IEEE} Comput. Sci. Eng. Mag."}
@STRING{IEEE_M_C          = "{IEEE} Computer"}
@STRING{IEEE_M_CAP        = "{IEEE} Comput. Appl. Power"}
@STRING{IEEE_M_CGA        = "{IEEE} Comput. Graph. Appl."}
@STRING{IEEE_M_CONC       = "{IEEE} Concurrency"}
@STRING{IEEE_M_CS         = "{IEEE} Control Syst. Mag."}
@STRING{IEEE_M_DTC        = "{IEEE} Des. Test. Comput."}
@STRING{IEEE_M_EI         = "{IEEE} Electr. Insul. Mag."}
@STRING{IEEE_M_ETR        = "{IEEE} ElectroTechnol. Rev."}
@STRING{IEEE_M_EMB        = "{IEEE} Eng. Med. Biol. Mag."}
@STRING{IEEE_M_EMR        = "{IEEE} Eng. Manag. Rev."}
@STRING{IEEE_M_EXP        = "{IEEE} Expert"}
@STRING{IEEE_M_IA         = "{IEEE} Ind. Appl. Mag."}
@STRING{IEEE_M_IM         = "{IEEE} Instrum. Meas. Mag."}
@STRING{IEEE_M_IS         = "{IEEE} Intell. Syst."}
@STRING{IEEE_M_IC         = "{IEEE} Internet Comput."}
@STRING{IEEE_M_ITP        = "{IEEE} {IT} Prof."}
@STRING{IEEE_M_MICRO      = "{IEEE} Micro"}
@STRING{IEEE_M_MW         = "{IEEE} Microw. Mag."}
@STRING{IEEE_M_MM         = "{IEEE} Multimedia"}
@STRING{IEEE_M_NET        = "{IEEE} Netw."}
IEEE's editorial manual lists "Pers. Commun.",
but "Personal Commun. Mag." seems to be what is used in the journals
@STRING{IEEE_M_PCOM       = "{IEEE} Personal Commun. Mag."}
@STRING{IEEE_M_POT        = "{IEEE} Potentials"}
CAP and PER merged to form PE in 2003
@STRING{IEEE_M_PE         = "{IEEE} Power Energy Mag."}
@STRING{IEEE_M_PER        = "{IEEE} Power Eng. Rev."}
@STRING{IEEE_M_PVC        = "{IEEE} Pervasive Comput."}
@STRING{IEEE_M_RA         = "{IEEE} Robot. Autom. Mag."}
@STRING{IEEE_M_SAP        = "{IEEE} Security Privacy"}
@STRING{IEEE_M_SP         = "{IEEE} Signal Process. Mag."}
@STRING{IEEE_M_S          = "{IEEE} Softw."}
@STRING{IEEE_M_SPECT      = "{IEEE} Spectr."}
@STRING{IEEE_M_TS         = "{IEEE} Technol. Soc. Mag."}
@STRING{IEEE_M_VT         = "{IEEE} Veh. Technol. Mag."}
@STRING{IEEE_M_WC         = "{IEEE} Wireless Commun. Mag."}
@STRING{IEEE_M_TODAY      = "Today's Engineer"}



@inproceedings{SUN_Multi_Freq_Asilomar_2020,
  author        = "S. Sun and Y. D. Zhang",
  title         = "Multi-frequency sparse array-based massive {MIMO} radar for autonomous driving",
  booktitle     = "Proc. 54th Annual Asilomar Conference on Signals, Systems, and Computers",
  address       = "Pacific Grove, CA",
  volume = "",
  number = "",
  month         = "Nov. 1-4,",
  year          = "2020",
  pages         = ""
}

@inproceedings{SUN_SLA_ICASSP_2020,
  author        = "S. Sun and A. P. Petropulu",
  title         = "A sparse linear array approach in automotive radars using matrix completion",
  booktitle     = "Proc. IEEE 45th Intl. Conf. on Acoustics, Speech, and Signal Processing (ICASSP)",
  address       = "Barcelona, Spain",
  volume = "",
  number = "",
  month         = "May 4-8,",
  year          = "2020",
  pages         = ""
}

@inproceedings{SUN_4D_Imaging_Radar_ICASSP_2021,
  author        = "S. Sun and Y. D. Zhang",
  title         = "Four-dimensional high-resolution automotive radar imaging exploiting joint sparse-frequency and sparse-array design",
  booktitle     = "Proc. IEEE 46th Intl. Conf. on Acoustics, Speech, and Signal Processing (ICASSP)",
  address       = "Toronto, Canada",
  volume = "",
  number = "",
  month         = "June 6-11,",
  year          = "2021",
  pages         = ""
}


@inproceedings{Zhao_MIMO_OFDM_DFRC_Radarconf_2020,
  author        = "X. Zhao and A. P. Petropulu and S. Sun",
  title         = "A joint design of {MIMO-OFDM} dual-function radar communication system using generalized spatial modulation",
  booktitle     = "Proc. IEEE Radar Conference",
  address       = "Florence, Italy",
  volume = "",
  number = "",
  month         = "Sept. 21-25,",
  year          = "2020",
  pages         = ""
}


@inproceedings{Sparse_step_frequency_radarconf_2021,
  author        = "S. Sun and L. Xu and N. Jeong",
  title         = "Sparse step-frequency {MIMO} radar design for autonomous driving",
  booktitle     = "Proc. IEEE Radar Conference",
  address       = "Atlanta, GA",
  volume = "",
  number = "",
  month         = "May 10-14,",
  year          = "2021",
  pages         = ""
}

@article{Zhou_Co_Prime_2018,
author = "C. Zhou and Y. Gu and X. Fan and Z. Shi and G. Mao and Y. D. Zhang",
title = "Direction-of-arrival estimation for coprime array via virtual array interpolation",
journal = IEEE_J_SP,
volume = "66",
number = "22",
month = "",
year = "2018",
pages = "5956-5971"
}

@article{PP_Super_Nested_Part_I_2016,
author = "C.-L. Liu and P. P. Vaidyanathan",
title = "Super nested arrays: Linear sparse arrays with reduced mutual coupling - {P}art {I}: fundamentals",
journal = IEEE_J_SP,
volume = "64",
number = "15",
month = "",
year = "2016",
pages = "3997-4012"
}



@article{PP_Super_Nested_Part_II_2016,
author = "C.-L. Liu and P. P. Vaidyanathan",
title = "Super nested arrays: Linear sparse arrays with reduced mutual coupling - {P}art {II}: high-order extensions",
journal = IEEE_J_SP,
volume = "64",
number = "15",
month = "",
year = "2016",
pages = "4203-4217"
}

 @article{Vasanelli_Calibration_AP_2020,
author = "C. Vasanelli and \emph{et al.}",
title = "Calibration and Direction-of-Arrival Estimation of Millimeter-Wave Radars: A Practical Introduction",
journal = IEEE_M_AP,
volume = "",
number = "",
month = "in press,",
year = "2020",
pages = ""
}


 @article{Hua_2D_Matrix_Pencil_1992,
author = "Y. Hua",
title = "Estimating two-dimensional frequencies by matrix enhancement and matrix pencil",
journal = IEEE_J_SP,
volume = "40",
number = "9",
month = "",
year = "1992",
pages = "2267-2280"
}

 @article{Gu_L_Array_TSP_2015,
author = "J. Gu and P. Wei and M.N.S. Swamy",
title = "Joint 2-{D} {DOA} Estimation via Sparse {L}-shaped Array",
journal = IEEE_J_SP,
volume = "63",
number = "5",
month = "",
year = "2015",
pages = "1171-1182"
}


@inproceedings{Zhang_SAM_2020,
  author        = "S. Zhang and A. Ahmed and Y. D. Zhang and S. Sun",
  title         = "{DOA} estimation exploiting interpolated multi-frequency sparse array",
  booktitle     = "Proc. IEEE Sensor Array and Multichannel Signal Processing Workshop (SAM)",
  address       = "Hangzhou, China",
  volume = "",
  number = "",
  month         = "June 8-11,",
  year          = "2020",
  pages         = ""
}


@inproceedings{SUN_ICASSP_2020,
  author        = "S. Sun and A. P. Petropulu",
  title         = "A sparse linear array approach in automotive radars using matrix completion",
  booktitle     = "Proc. IEEE 45th Int. Conf. on Acoustics, Speech, and Signal Processing (ICASSP)",
  address       = "Barcelona, Spain",
  volume = "",
  number = "",
  month         = "May 4-8,",
  year          = "2020",
  pages         = ""
}

@inproceedings{Automotive_L_shaped_EuRAD_2016,
  author        = "T. Kishigami and H. Yomo and A. Matsuoka and J. Satou",
  title         = "Millimeter-wave {MIMO} Radar System Using {L}-shaped {T}x and {R}x Arrays",
  booktitle     = "Proc. European Radar Conference (EuRAD)",
  address       = "London, UK",
  volume = "",
  number = "",
  month         = "Oct. 5-7,",
  year          = "2016",
  pages         = ""
}

@inproceedings{Oxford_radar_robotcar ,
  author        = "D. Barnes and M. Gadd and P. Murcutt and P. Newman and I. Posner",
  title         = "The {O}xford radar robotcar dataset: A radar extension to the oxford robotcar dataset",
  booktitle     = "Proc. IEEE International Conference on Robotics and Automation (ICRA)",
  address       = "Paris, France",
  volume = "",
  number = "",
  month         = "May 31-Oct. 31,",
  year          = "2020",
  pages         = ""
}

@inproceedings{Astyx ,
  author        = "M. Meyer and G. Kuschk",
  title         = "Automotive Radar Dataset for Deep Learning Based 3{D} Object Detection",
  booktitle     = "Proc. 16th European Radar Conference
(EuRAD)",
  address       = "Paris, France",
  volume = "",
  number = "",
  month         = "Oct. 2-4,",
  year          = "2019",
  pages         = ""
}

@inproceedings{CRUW ,
  author        = "Y. Wang and Z. Jiang and X. Gao and J.-N. Hwang and G. Xing and H. Liu",
  title         = "{RODN}et: Radar object detection using cross-modal supervision",
  booktitle     = "Proc. IEEE/CVF Winter Conference on Applications of Computer Vision
(WACV)",
  address       = "Waikoloa, HI",
  volume = "",
  number = "",
  month         = "Jan. 5-9,",
  year          = "2021",
  pages         = ""
}

@inproceedings{Zendar ,
  author        = "M. Mostajabi and C. M. Wang and D. Ranjan and G. Hsyu",
  title         = "High Resolution
Radar Dataset for Semi-Supervised Learning of Dynamic Objects",
  booktitle     = "Proc. IEEE/CVF Conference on Computer Vision and Pattern Recognition
Workshops (CVPRW)",
  address       = "Seattle, WA",
  volume = "",
  number = "",
  month         = "June 14-19,",
  year          = "2020",
  pages         = ""
}


@inproceedings{CARRADA ,
  author        = "A. Ouaknine and A. Newson and J. Rebut and F. Tupin and P. Perez",
  title         = "{CARRADA} Dataset: Camera and Automotive Radar with Range-Angle-{D}oppler Annotations",
  booktitle     = "Proc. 25th International Conference on Pattern Recognition (ICPR)",
  address       = "Milan, Italy",
  volume = "",
  number = "",
  month         = "Jan. 10-15,",
  year          = "2021",
  pages         = ""
}

@inproceedings{KITTI ,
  author        = "A. Geiger and P. Lenz and R. Urtasun",
  title         = "Are we ready for Autonomous
Driving? The {KITTI} Vision Benchmark Suite",
  booktitle     = "Proc. Conference on Computer
Vision and Pattern Recognition (CVPR)",
  address       = "Providence, RI",
  volume = "",
  number = "",
  month         = "June 16-21,",
  year          = "2012",
  pages         = ""
}

@inproceedings{Waymo ,
  author        = "P. Sun and \emph{et. al.}",
  title         = "Scalability in Perception for Autonomous Driving: Waymo Open Dataset",
  booktitle     = "Proc. Conference on Computer
Vision and Pattern Recognition (CVPR)",
  address       = "Seattle, WA",
  volume = "",
  number = "",
  month         = "June 14-19,",
  year          = "2020",
  pages         = ""
}

@article{ZF_Cascade,
author = "",
title = "",
journal = "",
volume = "",
number = "",
month = "https://www.zf.com/products/en/cars/products\_58368.html,",
year = "May 2021",
pages = ""
}


@article{Continental_Cascade,
author = "",
title = "",
journal = "",
volume = "",
number = "",
month = "https://www.continental-automotive.com,",
year = "May 2021",
pages = ""
}



 @article{Gu_L_Array_Letter_2007,
author = "J. Gu and P. Wei",
title = "Joint {SVD} of two cross-correlation matrices to achieve automatic pairing in 2-{D} angle estimation problems",
journal = IEEE_J_AWPL,
volume = "6",
number = "",
month = "",
year = "2007",
pages = "553-556"
}

 @article{nuScenes,
author = "H. Caesar and V. Bankiti and A. H. Lang and S. Vora and V. E. Liong and Q. Xu and A. Krishnan and
Y. Pan and G. Baldan and O. Beijbom",
title = "nu{S}cenes: A multimodal dataset for autonomous driving",
journal = "arXiv preprint arXiv:1903.11027",
volume = "",
number = "",
month = "",
year = "2019",
pages = ""
}

 @article{RadarScenes,
author = "O. Schumann and M. Hahn and N. Scheiner and F. Weishaupt and J. F. Tilly and J. Dickmann and C. Wöhler",
title = "Radar{S}cenes: A Real-World Radar Point Cloud Data Set for Automotive Applications",
journal = "arXiv preprint 	arXiv:2104.02493",
volume = "",
number = "",
month = "",
year = "2021",
pages = ""
}


 @article{RADIATE,
author = "M. Sheeny and E. D. Pellegrin and M. Saptarshi and A. Ahrabian and S. Wang and A. Wallace",
title = "{RADIATE}: A Radar Dataset for Automotive Perception",
journal = "arXiv preprint arXiv:2010.09076",
volume = "",
number = "",
month = "",
year = "2020",
pages = ""
}

Marcel Sheeny, Emanuele De Pellegrin, Mukherjee Saptarshi, Alireza Ahrabian, Sen Wang and Andrew Wallace. RADIATE: A Radar Dataset for Automotive Perception. arXiv:2010.09076, 2020.


@inproceedings{Kiraly_ICML_2012,
  author        = "F. Kir{\'a}ly and R. Tomioka",
  title         = "A combinatorial algebraic approach for the identifiability of low-rank matrix completion",
  booktitle     = "Proc. 29th Intl. Conference on Machine Learning (ICML)",
  address       = "Edinburgh, Scotland, UK",
  volume = "",
  number = "",
  month         = "June",
  year          = "2012",
  pages         = ""
}


@inproceedings{Universal_MC_2014,
  author        = "S. Bhojanapalli and P. Jain",
  title         = "Universal Matrix Completion",
  booktitle     = "Proc. 31st Intl. Conference on Machine Learning (ICML)",
  address       = "Beijing, China",
  volume = "",
  number = "",
  month         = "June",
  year          = "2014",
  pages         = ""
}

@article{Vandermonde_factorization_Hankel_2018,
author = "J. Ying  and J. F. Cai and D. Guo  and G. Tang  and Z. Chen  and X. Qu",
title = "Vandermonde Factorization of {H}ankel Matrix for Complex Exponential Signal Recovery—Application in Fast {NMR} Spectroscopy",
journal = IEEE_J_SP,
volume = "66",
number = "21",
month = "",
year = "2018",
pages = "5520-5533"
}



@inproceedings{TI_AWR1243_Transceiver,
  author        = "{Texas~Instruments}",
  title         = "{AWR}1243 Single-Chip 77- and 79-{GH}z {FMCW} Transceiver",
  booktitle     = "",
  address       = "",
  volume = "",
  number = "",
  month         = "datasheet,",
  year          = "2017",
  pages         = ""
}

@article{Hua_Matrix_Pencil_1990,
author = "Y. Hua and T. K. Sarkar",
title = "Matrix pencil method for estimating parameters of exponentially damped/undamped sinusoids in noise",
journal = IEEE_J_ASSP,
volume = "38",
number = "5",
month = "",
year = "1990",
pages = "814-824"
}

@article{Hasch_MTT_2012,
author = "J. Hasch and \emph{et al.}",
title = "Millimeter-Wave Technology for Automotive Radar
Sensors in the 77 {GH}z Frequency Band",
journal = IEEE_J_MTT,
volume = "60",
number = "3",
month = "",
year = "2012",
pages = "845-860"
}

@inproceedings{Major_Range_Deep_learning_ICCV_2019,
  author        = "B. Major and \emph{et al.}",
  title         = "Vehicle Detection With Automotive Radar Using Deep Learning on
Range-Azimuth-{D}oppler Tensors",
  booktitle     = "Proc.  Intl. Conference on Computer Vision (ICCV)",
  address       = "Seoul, Koera",
  volume = "",
  number = "",
  month         = "Oct. 27-Nov. 2,",
  year          = "2019",
  pages         = ""
}

@inproceedings{Talpaert_VISIGRAPP_2019,
  author        = "V. Talpaert and \emph{et al.}",
  title         = "Exploring applications of deep reinforcement learning
for real-world autonomous driving systems",
  booktitle     = "Proc. the 14th Intl. Joint Conference on Computer Vision, Imaging and Computer Graphics Theory and Applications (VISIGRAPP)",
  address       = "Prague, Czech Republic",
  volume = "",
  number = "",
  month         = "Feb.",
  year          = "2019",
  pages         = ""
}

@article{Caesar_nuScenes_arXiv_2019,
author = "H. Caesar and V. Bankiti and A. H. Lang and S. Vora and V. E. Liong and Q. Xu and A. Krishnan and Y. Pan and G. Baldan and O. Beijbom",
title = "nu{S}cenes: A multimodal dataset for autonomous driving",
journal = "arXiv:1903.11027",
volume = "",
number = "",
month = "Mar.",
year = "2019",
pages = ""
}

@inproceedings{LiDAR_labeling_ECCV_2018,
  author        = "F. Piewak and \emph{et al.}",
  title         = "Boosting {L}i{DAR}-Based Semantic Labeling by Cross-modal Training Data Generation",
  booktitle     = "Proc. the European Conference on Computer Vision (ECCV)",
  address       = "Munich, Germany",
  volume = "",
  number = "",
  month         = "Sept.",
  year          = "2018",
  pages         = ""
}

 @book{Shalom_Book_2001,
author = "Y. Bar‐Shalom and X.‐Rong Li and T. Kirubarajan",
title = "Estimation with Applications to Tracking and Navigation: Theory, Algorithms and Software",
publisher = "New York, NY: John Wiley \& Sons, Inc",
year = "2001"
}


@article{Danzer_2D_PointNet_arXiv_2019,
author = "A. Danzer and T. Griebel and M. Bach and K. Dietmayer",
title = "2{D} Car Detection in Radar Data with {P}oint{N}ets",
journal = "arXiv:1904.08414",
volume = "",
number = "",
month = "July",
year = "2019",
pages = ""
}


@inproceedings{Soli_Gesture_2016,
  author        = "S. Wang and J. Song and J. Lien and I. Poupyrev and O. Hilliges",
  title         = "Interacting with {S}oli: Exploring Fine-Grained Dynamic Gesture Recognition in the Radio-Frequency Spectrum",
  booktitle     = "Proc.  29th Annual Symposium on User Interface Software and Technology (UIST)",
  address       = "Tokyo, Japan",
  volume = "",
  number = "",
  month         = "Oct.",
  year          = "2016",
  pages         = ""
}

@inproceedings{PointNet_CVPR_2017,
  author        = "C. R. Qi  and H. Su and K. Mo and L. J. Guibas",
  title         = "Point{N}et: Deep learning on point sets for 3{D} classification and segmentation",
  booktitle     = "Proc. the IEEE Conference on Computer Vision and Pattern Recognition (CVPR)",
  address       = "Honolulu, HI",
  volume = "",
  number = "",
  month         = "July",
  year          = "2017",
  pages         = ""
}

@inproceedings{PointNet_NIPS_2017,
  author        = "C. R. Qi and L. Yi and H. Su and L. J. Guibas",
  title         = "Point{N}et++: Deep Hierarchical Feature Learning on Point Sets in a Metric Space",
  booktitle     = "Proc.  31st Conference on Neural Information Processing Systems (NIPS)",
  address       = "Long Beach, CA",
  volume = "",
  number = "",
  month         = "Dec.",
  year          = "2017",
  pages         = ""
}



@inproceedings{Clark_Kalman_ICRA_1998,
  author        = "S. Clark and H. Durrant-Whyte",
  title         = "Autonomous land vehicle navigation using millimeter wave radar",
  booktitle     = "Proc.  International Conference on Robotics and Automation (ICRA)",
  address       = "Leuven, Belgium",
  volume = "",
  number = "",
  month         = "May",
  year          = "1998",
  pages         = ""
}

@article{Chen_micro_Doppler_2003,
author = "V. C. Chen and F. Li and S.-S. Ho and H. Wechsler",
title = "Analysis of micro-{D}oppler signatures",
journal =  "IEE Proceedings - Radar, Sonar and Navigation",
volume = "150",
number = "4",
month = "",
year = "2003",
pages = "271-276"
}

@article{SUN_SPM_Feature_Article_2020,
author = "S. Sun and A. P. Petropulu and H. V. Poor",
title = "{MIMO} radar for advanced driver-assistance systems and autonomous driving: Advantages and challenges",
journal = IEEE_M_SP,
volume = "37",
number = "4",
month = "",
year = "2020",
pages = "98-117"
}

@article{Tang_Off_Grid_2013,
author = "G. Tang and B. N. Bhaskar and P. Shah and B. Recht",
title = "Compressed Sensing Off the Grid",
journal = IEEE_J_IT,
volume = "59",
number = "11",
month = "",
year = "2013",
pages = "7465-7490"
}

@article{Ayhan_FMCW_Nonlinearity_MTT_2016,
author = "S. Ayhan  and S. Scherr and A. Bhutani and B. Fischbach and M. Pauli and T. Zwick",
title = "Impact of Frequency Ramp Nonlinearity, Phase Noise, and {SNR} on {FMCW} Radar Accuracy",
journal = IEEE_J_MTT,
volume = "64",
number = "10",
month = "",
year = "2016",
pages = "3290-3301"
}



@article{AWR1243_Tech_Rep_2017,
author = "K. Ramasubramanian and B. Ginsburg",
title = "{AWR}1243 sensor: Highly integrated 76-81-{GH}z radar front-end for emerging {ADAS} applications",
journal = "Texas Instruments, Tech. Rep.",
volume = "",
number = "",
month = "",
year = "2017",
pages = "1-11"
}

@inproceedings{Nonlinearity_IWS_2018,
  author        = "P. Wang and D. Millar and K. Parsons and P. V. Orlik",
  title         = "Nonlinearity correction for range estimation in {FMCW} millimeter-wave automotive radar",
  booktitle     = "Proc. International Wireless Symposium (IWS)",
  address       = "Chengdu, China",
  volume = "",
  number = "",
  month         = "May",
  year          = "2018",
  pages         = ""
}

@inproceedings{Nonlinearity_ICMIM_2019,
  author        = "P. Wang and D. Millar and K. Parsons and R. Ma and P. V. Orlik",
  title         = "Range Accuracy Analysis for {FMCW} Systems with Source Nonlinearity",
  booktitle     = "Proc. International Conference on Microwaves for Intelligent Mobility (ICMIM)",
  address       = "Detroit, MI",
  volume = "",
  number = "",
  month         = "April",
  year          = "2019",
  pages         = ""
}

@inproceedings{Vayyar_2019,
  author        = "",
  title         = "",
  booktitle     = "",
  address       = "https://vayyar.com/",
  volume = "",
  number = "",
  month         = "",
  year          = "",
  pages         = ""
}

@inproceedings{Bourdoux_M_sequence_EuRAD_2013,
  author        = "W. V. Thillo and \emph{et al.}",
  title         = "Almost perfect auto-correlation sequences
for binary phase-modulated continuous wave radar",
  booktitle     = "Proc. European Radar Conference (EuRAD)",
  address       = "Nuremberg, Germany",
  volume = "",
  number = "",
  month         = "Oct.",
  year          = "2013",
  pages         = ""
}

@inproceedings{Bourdoux_PMCW_Radarconf_2017,
  author        = "A. Bourdoux and K. Parashar and M. Bauduin",
  title         = "Phenomenology of mutual interference of {FMCW} and {PMCW} automotive radars",
  booktitle     = "Proc. IEEE Radar Conference",
  address       = "Seattle, WA",
  volume = "",
  number = "",
  month         = "May",
  year          = "2017",
  pages         = ""
}



@article{Guermandi_PMCW_2017,
author = "D. Guermandi and \emph{et al.}",
title = "A 79-{GH}z 2x2 {MIMO PMCW} Radar {S}o{C} in 28-nm {CMOS}",
journal = IEEE_J_JSSC,
volume = "52",
number = "10",
month = "",
year = "2017",
pages = "2613-2626"
}

@article{Giannini_PMCW_2014,
author = "V. Giannini and \emph{et al.}",
title = "A 79 {GH}z Phase-Modulated 4 {GH}z-{BW CW} Radar Transmitter in 28 nm {CMOS}",
journal = IEEE_J_JSSC,
volume = "49",
number = "12",
month = "",
year = "2014",
pages = "2925-2937"
}

@inproceedings{Bourdoux_PMCW_Radarconf_2016,
  author        = "A. Bourdoux and U. Ahmad and D. Guermandi and S. Brebels and A. Dewilde and W. Van Thillo",
  title         = "{PMCW} waveform and {MIMO} technique for a 79 {GH}z {CMOS} automotive radar",
  booktitle     = "Proc. IEEE Radar Conference",
  address       = "Philadelphia, PA",
  volume = "",
  number = "",
  month         = "May",
  year          = "2016",
  pages         = ""
}


@article{Alland_Interference_SPM_2019,
author = "S. Alland and W. Stark and M. Ali and A. Hedge",
title = "Interference in automotive radar systems: Characteristics, mitigation techniques, and future research",
journal = IEEE_M_SP,
volume = "36",
number = "5",
month = "",
year = "2019",
pages = "45-59"
}


@inproceedings{Ioffe_EuRAD_2016,
  author        = "A. Ioffe and W. Doerr and H. Yan and D. H. Vu and A. H. Arage",
  title         = "{RCS} characteristics of street curbs and the applications in automotive radar classification",
  booktitle     = "Proc. European Radar Conference (EuRAD)",
  address       = "London, UK",
  volume = "",
  number = "",
  month         = "Oct.",
  year          = "2016",
  pages         = ""
}

@article{Moffet_MRA_1968,
author = "A. Moffet",
title = "Minimum-redundancy linear arrays",
journal = IEEE_J_AP,
volume = "16",
number = "2",
month = "",
year = "1968",
pages = "172-175"
}

@inproceedings{Uhner_PMCW_ISSCC_2019,
  author        = "V. Giannini and \emph{et al.}",
  title         = "A 192-Virtual-Receiver 77/79{GH}z {GMSK} Code-Domain {MIMO} Radar System-on-Chip",
  booktitle     = "Proc. IEEE International Solid-State Circuits Conference (ISSCC)",
  address       = "San Francisco, CA",
  volume = "",
  number = "",
  month         = "Feb. 17-21,",
  year          = "2019",
  pages         = ""
}

@article{Ganis_Imaging_Radar_2018,
author = "A. Ganis and \emph {et al.} ",
title = "A Portable 3-{D} Imaging {FMCW MIMO} Radar Demonstrator With a 24x24 Antenna Array for Medium-Range Applications",
journal = IEEE_J_GRS,
volume = "56",
number = "1",
month = "",
year = "2018",
pages = "298-312"
}


@article{NHTSA_report_Radar_Congestion_2018,
author = "W. Buller and \emph{et al.}",
title = " Radar congestion study",
journal = "",
volume = "",
number = "",
month = "U.S. Department of Transportation's National Highway Traffic Safety Administration ({NHTSA}) Report (Report No. DOT HS 812 632),",
year = "Sept., 2018",
pages = ""
}

@article{NHTSA_report_2017,
author = "{U.S. Department of Transportation's National Highway Traffic Safety Administration (NHTSA)}",
title = "2016 fatal motor vehicle crashes: Overview",
journal = "",
volume = "",
number = "",
month = "[Available Online] https://www.nhtsa.gov/press-releases/usdot-releases-2016-fatal-traffic-crash-data,",
year = "Oct. 6, 2017",
pages = ""
}



@article{RAND_report_2018,
author = "L. Ecola and S. W. Popper and R. Silberglitt and L. Fraade-Blanar",
title = "The road to prepared for a vision for achieving zero roadway deaths by 2050",
journal = "",
volume = "",
number = "",
month = "RAND Corporation Report, [Available Online] https://www.rand.org/pubs/research\_reports/RR2333.html,",
year = "April 18, 2018",
pages = ""
}

@article{TI_Cascade,
author = "{Texas Instruments Inc.}",
title = "Design Guide: {TIDEP-01012} Imaging radar using cascaded mm{W}ave sensor reference design ({REV. A})",
journal = "",
volume = "",
number = "",
month = "[Available Online] https://www.ti.com/lit/ug/tiduen5a/tiduen5a.pdf,",
year = "Mar., 2020",
pages = ""
}

@article{HDL-64,
author = "Velodyne",
title = "{HDL-64E S3} HIGH DEFINITION REAL-TIME {3D} {L}i{DAR}",
journal = "",
volume = "",
number = "",
month = "datasheet,",
year = "2018",
pages = ""
}


@inproceedings{Och_Cascading_2018,
  author        = "A. Och and C. Pfeffer and J. Schrattenecker and S. Schuster and R. Weigel",
  title         = "A Scalable 77 {GH}z Massive {MIMO FMCW} Radar by Cascading Fully-Integrated Transceivers",
  booktitle     = "Proc. Asia-Pacific Microwave Conference (APMC)",
  address       = "Kyoto, Japan",
  volume = "",
  number = "",
  month         = "Nov. 6-9,",
  year          = "2018",
  pages         = ""
}


@article{Lo_1964,
author = "Y. T. Lo ",
title = "A Mathematical Theory of Antenna Arrays with Randomly Spaced Elements",
journal = IEEE_J_AP,
volume = "12",
number = "3",
month = "",
year = "1964",
pages = "257-268"
}

@inproceedings{Simoni_optimal_array_ICMIM_2018,
  author        = "M. Gonalez-Huici and D. Mateos-Nunez and C. Greiff and R. Simoni",
  title         = "Constrained optimal design of automotive radar arrays using the {W}eiss-{W}einstein Bound",
  booktitle     = "Proc. International Conference on Microwaves for Intelligent Mobility (ICMIM)",
  address       = "Munich, Germany",
  volume = "",
  number = "",
  month         = "April",
  year          = "2018",
  pages         = ""
}

@article{Jin_2007,
author = "N. Jin and Y. Rahmat-Samii",
title = "Advances in Particle Swarm Optimization for Antenna Designs: Real-Number, Binary, Single-Objective and Multiobjective Implementations",
journal = IEEE_J_AP,
volume = "55",
number = "3",
month = "",
year = "2007",
pages = "556-567"
}


@article{Cai_OMP_2011,
author = "T. T. Cai and  L. Wang",
title = "Orthogonal Matching Pursuit for Sparse Signal Recovery With Noise",
journal = IEEE_J_IT,
volume = "57",
number = "7",
month = "",
year = "2011",
pages = "4680-4688"
}


@article{Candes_Dantzig_2007,
author = " E. J. Cand{\`e}s and T. Tao",
title = "The {D}antzig selector: Statistical estimation when $p$ is much larger than $n$",
journal = "The Annals of Statistics",
volume = "35",
number = "6",
month = "",
year = "2007",
pages = "2313-2351"
}

@article{Pillai_FBSS_1989,
author = " S. U. Pillai and  B. H. Kwon",
title = "Forward/backward spatial smoothing techniques for coherent signal identification",
journal = IEEE_J_ASSP,
volume = "37",
number = "1",
month = "",
year = "1989",
pages = "8-15"
}

@article{Glentis_Superfast_IAA_2012,
author = "G. O. Glentis and A. Jakobsson",
title = "Superfast Approximative Implementation of the {IAA} Spectral Estimate",
journal = IEEE_J_SP,
volume = "60",
number = "1",
month = "",
year = "2012",
pages = "472-478"
}

@article{Glentis_Fast_IAA_2011,
author = "G. O. Glentis and A. Jakobsson",
title = "Efficient Implementation of Iterative Adaptive Approach Spectral Estimation Techniques",
journal = IEEE_J_SP,
volume = "59",
number = "9",
month = "",
year = "2011",
pages = "4154-4167"
}



@article{Xue_Fast_IAA_2011,
author = "M. Xue and L. Xu and J. Li",
title = "{IAA} Spectral Estimation: Fast Implementation Using the {G}ohberg-{S}emencul Factorization",
journal = IEEE_J_SP,
volume = "59",
number = "7",
month = "",
year = "2011",
pages = "3251-3261"
}

@inproceedings{Carlos_Calibration_Patent_2018,
  author        = "C. A. Alcalde and D. H. Vu ",
  title         = "Automated vehicle radar system with self-calibration",
  booktitle     = "",
  address       = "U.S. Patent        2018/0120414 A1",
  volume = "",
  number = "",
  month         = "May 3,",
  year          = "2018",
  pages         = ""
}


@inproceedings{Zhengzheng_Virtual_Patent_2018,
  author        = "Z. Li and C. A. Alcalde",
  title         = "Angle finding for a detector having a paired staggered array",
  booktitle     = "",
  address       = "U.S. Patent       2018/0267555 A1",
  volume = "",
  number = "",
  month         = "Sept. 20,",
  year          = "2018",
  pages         = ""
}

@inproceedings{Carlos_Virtual_Patent_2017,
  author        = "C. A. Alcalde",
  title         = "Radar system and method for virtual antenna signals",
  booktitle     = "",
  address       = "U.S. Patent      9 664 775 B2",
  volume = "",
  number = "",
  month         = "May 30,",
  year          = "2017",
  pages         = ""
}


@inproceedings{Alland_MIMO_Patent_2015,
  author        = "S. Alland",
  title         = "{MIMO} antenna with improved grating lobe characteristics",
  booktitle     = "",
  address       = "U.S. Patent     2015/0253419 A1",
  volume = "",
  number = "",
  month         = "Sept. 10,",
  year          = "2015",
  pages         = ""
}


@inproceedings{Alland_MIMO_Patent_2017,
  author        = "J. Searcy and S. Alland ",
  title         = "{MIMO} antenna with elevation detection",
  booktitle     = "",
  address       = "U.S. Patent    9 541 639 B2",
  volume = "",
  number = "",
  month         = "Jan. 10,",
  year          = "2017",
  pages         = ""
}


@inproceedings{Denso_MUSIC_Patent_2012,
  author        = "Y. Hasegawa and K. Shimizu",
  title         = "Radar device, calibration system and calibration method",
  booktitle     = "",
  address       = "U.S. Patent    2012/0293360 A1",
  volume = "",
  number = "",
  month         = "May 9,",
  year          = "2012",
  pages         = ""
}


@inproceedings{NXP_DMR_Patent_2019,
  author        = "G. Adolfo and G. Aristizabal and R. Reuter and M. Brett",
  title         = "Radar system",
  booktitle     = "",
  address       = "European Patent   2019/EP3428679A1",
  volume = "",
  number = "",
  month         = "Jan. 16,",
  year          = "2019",
  pages         = ""
}



@article{Akaike_AIC_1974,
author = "H. Akaike",
title = "A new look at the statistical model identification",
journal = IEEE_J_ASSP,
volume = "37",
number = "1",
month = "",
year = "1989",
pages = "8-15"
}

@article{Barron_MDL_1998,
author = "Y. Barron and J. Rissanen and Bin Yu",
title = "The Minimum Description Length Principle in Coding and Modeling",
journal = IEEE_J_IT,
volume = "44",
number = "6",
month = "",
year = "1998",
pages = "2743-2760"
}

@article{Haardt_2D_Unitary_ESPRIT_1996,
author = "M. D. Zoltowski and M. Haardt and C. Mathews",
title = "Closed-form 2-{D} angle estimation with rectangular arrays in element space or beamspace via unitary {ESPRIT}",
journal = IEEE_J_SP,
volume = "44",
number = "2",
month = "",
year = "1996",
pages = "316-328"
}

@article{Haardt_Unitary_ESPRIT_1995,
author = "M. Haardt and J. Nossek",
title = "Unitary {ESPRIT}: How to obtain increased estimation accuracy with a reduced computational burden",
journal = IEEE_J_SP,
volume = "43",
number = "5",
month = "",
year = "1995",
pages = "1232-1242"
}

@article{Xu_Beamspace_ESPRIT_1994,
author = "G. Xu  and S. D. Silverstein  and R. H. Roy  and T. Kailath",
title = "Beamspace {ESPRIT}",
journal = IEEE_J_SP,
volume = "42",
number = "2",
month = "",
year = "1994",
pages = "349-356"
}

 @article{Hacker_Single_DOA_2010,
author = "P. Hacker and B. Yang",
title = "Single snapshot {DOA} estimation",
journal = "Advances in
Radio Science",
volume = "8",
number = "",
month = "",
year = "2010",
pages = "251-256"
}

 @article{Feger_FDM_MIMO_2014,
author = "R. Feger and  C. Pfeffer and A. Stelzer",
title = "A Frequency-Division {MIMO FMCW} Radar System Based on {D}elta-{S}igma Modulated Transmitters",
journal = IEEE_J_MTT,
volume = "62",
number = "12",
month = "",
year = "2014",
pages = "3572-3581"
}

@inproceedings{Feger_ICMIM_2016,
  author        = "R. Feger and  H. Haderer and  A. Stelzer",
  title         = "Optimization of codes and weighting functions for binary phase-coded {FMCW MIMO} radars",
  booktitle     = "Proc. International Conference on Microwaves for Intelligent Mobility (ICMIM)",
  address       = "San Diego, CA",
  volume = "",
  number = "",
  month         = "May",
  year          = "2016",
  pages         = ""
}

@article{Chu_sequence_1972,
author = "D. Chu",
title = "Polyphase codes with good periodic correlation properties",
journal = IEEE_J_IT,
volume = "18",
number = "4",
month = "",
year = "1972",
pages = "531-532"
}

@article{Benedetto_SPM_2009,
author = "J. Benedetto and  I. Konstantinidis and  M. Rangaswamy",
title = "Phase-Coded Waveforms and Their Design",
journal =  IEEE_M_SP,
volume = "26",
number = "1",
month = "",
year = "2009",
pages = "22-31"
}

@inproceedings{Jansen_NXP_Patent_2016,
  author        = "F. Jansen and A. Filippi and Z. Zivkoic",
  title         = "{MIMO} radar system",
  booktitle     = "",
  address       = "European Patent EP3021132A1",
  volume = "",
  number = "",
  month         = "May 18,",
  year          = "2016",
  pages         = ""
}


@inproceedings{Roos_ICMIM_2018,
  author        = " F. Roos and J. Bechter and N. Appenrodt and J. Dickmann and C. Waldschmidt",
  title         = "Enhancement of {D}oppler Unambiguity for Chirp-Sequence Modulated {TDM-MIMO} Radars",
  booktitle     = "Proc. International Conference on Microwaves for Intelligent Mobility (ICMIM)",
  address       = "Munich, Germany",
  volume = "",
  number = "",
  month         = "April",
  year          = "2018",
  pages         = ""
}


@inproceedings{Mecca_SAM_2006,
  author        = "V. F. Mecca and D. Ramakrishnan and J. L. Krolik",
  title         = "{MIMO} Radar Space-Time Adaptive Processing for Multipath Clutter Mitigation",
  booktitle     = "Proc. IEEE Workshop on Sensor Array and Multichannel Processing (SAM)",
  address       = "Waltham, MA",
  volume = "",
  number = "",
  month         = "July",
  year          = "2006",
  pages         = ""
}

@inproceedings{Siyang_DDMA_Radarconf_2018,
  author        = "N. Madsen and S. Cao",
  title         = "Slow-time waveform design for {MIMO GMTI} radar using {CAZAC} sequences",
  booktitle     = "Proc. IEEE Radar Conference",
  address       = "Oklahoma City, OK",
  volume = "",
  number = "",
  month         = "April",
  year          = "2018",
  pages         = ""
}


@inproceedings{Rossum_Radarconf_2018,
  author        = "W. Rossum and  L. Anitori",
  title         = "Doppler ambiguity resolution using random slow-time code division multiple access {MIMO} radar with sparse signal processing",
  booktitle     = "Proc. IEEE Radar Conference",
  address       = "Oklahoma City, OK",
  volume = "",
  number = "",
  month         = "April",
  year          = "2018",
  pages         = ""
}


@inproceedings{Schlick_IRS_2009,
  author        = "K.-W. Gurgel and T. Schlick",
  title         = "Remarks on signal processing in {HF} radars using {FMCW} modulation",
  booktitle     = "Proc. Intl. Radar Symposium (IRS)",
  address       = "Hamburg, Germany",
  volume = "",
  number = "",
  month         = "Sept. 9-11,",
  year          = "2009",
  pages         = ""
}


 @book{Amin_book_2017,
author = "M. Amin",
title = "Radar for Indoor Monitoring: Detection, Classification, and Assessment",
publisher = "Boca Raton, FL: CRC Press",
year = "2017"
}

@article{Jokanovic_AES_2018,
author = "B. Jokanovic and M. Amin",
title = "Fall detection using deep learning in range-{D}oppler radars",
journal = IEEE_J_AES,
volume = "54",
number = "1",
month = "",
year = "2018",
pages = "180-189"
}

@article{Amin_SPM_2016,
author = "M. Amin and  Y. Zhang and F. Ahmad and K. Ho",
title = "Radar Signal Processing for Elderly Fall Detection: The future for in-home monitoring",
journal = IEEE_M_SP,
volume = "33",
number = "2",
month = "",
year = "2016",
pages = "71-80"
}

@article{Amin_SPM_2019,
author = "S. Gurbuz and M. Amin",
title = "Radar-Based Human-Motion Recognition With Deep Learning: Promising applications for indoor monitoring",
journal = IEEE_M_SP,
volume = "36",
number = "4",
month = "",
year = "2019",
pages = "16-28"
}

@inproceedings{MC_radar_Asilomar_2015,
  author        = "S. Sun and A. P. Petropulu",
  title         = "On waveform conditions in {MIMO} radars using matrix completion",
  booktitle     = "Proc. 48th Annual Asilomar Conference on Signals, Systems, and Computers",
  address       = "Pacific Grove, CA",
  volume = "",
  number = "",
  month         = "Nov. 8-11,",
  year          = "2015",
  pages         = ""
}

@inproceedings{MC_radar_Asilomar_2014,
  author        = "S. Sun and A. P. Petropulu",
  title         = "On the Applicability of Matrix Completion on {MIMO} Radars",
  booktitle     = "Proc. 48th Annual Asilomar Conference on Signals, Systems, and Computers",
  address       = "Pacific Grove, CA",
  volume = "",
  number = "",
  month         = "Nov. 2-5,",
  year          = "2014",
  pages         = ""
}


@inproceedings{Vaidyanathan_Asilomar,
  author        = "C. Y. Chen and P. P. Vaidyanathan",
  title         = "Compressed sensing in {MIMO} radar",
  booktitle     = "Proc. 42th Annual Asilomar Conference on Signals, Systems, and Computers",
  address       = "Pacific Grove, CA",
  volume = "",
  number = "",
  month         = "Oct. 26-29",
  year          = "2008",
  pages         = ""
}
@inproceedings{Strohmer_Asilomar,
  author        = "T. Strohmer and B. Friedlander",
  title         = "Compressed sensing for {MIMO} radar - algorithms and performance",
  booktitle     = "Proc. 43th Annual Asilomar Conference on Signals, Systems, and Computers",
  address       = "Pacific Grove, CA",
  volume = "",
  number = "",
  month         = "Nov.",
  year          = "2009",
  pages         = ""
}


@inproceedings{ISSPIT_13,
  author        = "D. S. Kalogerias and S. Sun and A. P. Petropulu",
  title         = "Sparse sensing in colocated {MIMO} radar: A matrix completion approach",
  booktitle     = "Proc. IEEE 13th International Symposium on Signal Processing and Information Technology (ISSPIT)",
  address       = "Athens, Greece",
  volume = "",
  number = "",
  month         = "Dec.",
  year          = "2013",
  pages         = ""
}

@inproceedings{MIMO_radar_04,
  author        = "E. Fishler and A. Haimovich and R. Blum and L. Cimini and D. Chizhik and R. Valenziela",
  title         = "{MIMO} radar: An idea whose time has come",
  booktitle     = "Proc. IEEE Int. Conf. on Radar",
  address       = "Philadelphia, PA",
  volume = "",
  number = "",
  month         = "April",
  year          = "2004",
  pages         = ""
}

@inproceedings{MIMO_radar_Fishler_Asilomar,
  author        = "E. Fishler and A. Haimovich and R. Blum and L. Cimini and D. Chizhik and R. Valenziela",
  title         = "Performance of {MIMO} radar systems: advantages of angular diversity",
  booktitle     = "Proc. 38th
Asilomar Conf. Signals, Syst. Comput.",
  address       = "Pacific Grove, CA",
  volume = "",
  number = "",
  month         = "Nov.",
  year          = "2004",
  pages         = ""
}


@inproceedings{DBF_2013,
  author        = "S. Tokoro and K. Kuroda and A. Kawakubo and K. Fujita and  H. Fujinami",
  title         = "Electronically scanned millimiter-wave radar for precrash safety and adaptive cruise control system",
  booktitle     = "Proc. IEEE Intelligent Vehicles Symposium",
  address       = "Columbus, OH",
  volume = "",
  number = "",
  month         = "June",
  year          = "2003",
  pages         = ""
}





@inproceedings{ICASSP_13,
  author        = "S. Sun and A. P. Petropulu and W. U. Bajwa",
  title         = "Target estimation in colocated {MIMO} radar via matrix completion",
  booktitle     = "Proc. IEEE 38th Int. Conf. on Acoustics, Speech, and Signal Processing (ICASSP)",
  address       = "Vancouver, Canada",
  volume = "",
  number = "",
  month         = "May",
  year          = "2013",
  pages         = ""
}


@inproceedings{SUN_ICASSP_15,
  author        = "S. Sun and A. P. Petropulu",
  title         = "On transmit beamforming in {MIMO} radar with matrix completion",
  booktitle     = "Proc. IEEE 38th Int. Conf. on Acoustics, Speech, and Signal Processing (ICASSP)",
  address       = "Brisbane, Australia",
  volume = "",
  number = "",
  month         = "April",
  year          = "2015",
  pages         = ""
}
@inproceedings{GlobalSIP_14,
  author        = "S. Sun and A. P. Petropulu",
  title         = "On waveform design for {MIMO} radar with matrix completion",
  booktitle     = "Proc. IEEE Global Conference on Signal and Information Processing (GlobalSIP)",
  address       = "Atlanta, GA, USA",
  volume = "",
  number = "",
  month         = "Dec. 3-5,",
  year          = "2014",
  pages         = ""
}




@inproceedings{ICASSP_14,
  author        = "J. Lipor and S. Ahmed and M. S. Alouini",
  title         = "Closed form {F}ourier-based transmit beamforming for {MIMO} radar",
  booktitle     = "Proc. IEEE 39th Int. Conf. on Acoustics, Speech, and Signal Processing (ICASSP)",
  address       = "Florence, Italy",
  volume = "",
  number = "",
  month         = "May",
  year          = "2014",
  pages         = ""
}


@inproceedings{Koivunen_ICASSP_14,
  author        = "T. Aittomaki and V. Koivunen",
  title         = "{MIMO} RADAR FILTERBANK DESIGN FOR INTERFERENCE MITIGATION",
  booktitle     = "Proc. IEEE 39th Int. Conf. on Acoustics, Speech, and Signal Processing (ICASSP)",
  address       = "Florence, Italy",
  volume = "",
  number = "",
  month         = "May",
  year          = "2014",
  pages         = ""
}

@inproceedings{ISSPIT,
  author        = "D. S. Kalogerias and S. Sun and A. P. Petropulu",
  title         = "Sparse sensing in colocated {MIMO} radar: A matrix completion approach",
  booktitle     = "Proc. IEEE 13th International Symposium on Signal Processing and Information Technology (ISSPIT)",
  address       = "Athens, Greece",
  volume = "",
  number = "",
  month         = "Dec. 12-15",
  year          = "2013",
  pages         = ""
}

@inproceedings{Joho_SAM2002,
  author        = "M. Joho and K. Rahbar",
  title         = "Joint diagonalization of correlation matrices by using {N}ewton
methods with application to blind signal separation",
  booktitle     = "Proc. IEEE Sensor Array and Multichannel
Signal Processing Workshop (SAM)",
  address       = "Rosslyn, VA",
  volume = "",
  number = "",
  month         = "June",
  year          = "2002",
  pages         = ""
}

@inproceedings{Engels_EuRAD_2017,
  author        = "F. Engels and  M. Wintermantel and  P. Heidenreich",
  title         = "Automotive {MIMO} radar angle estimation in the presence of multipath",
  booktitle     = "Proc. European Radar Conference (EuRAD)",
  address       = "Nuremberg, Germany",
  volume = "",
  number = "",
  month         = "Oct.",
  year          = "2017",
  pages         = ""
}


@inproceedings{Visentin_EuRAD_2017,
  author        = "T. Visentin and  J. Hasch and  T. Zwick",
  title         = "Analysis of multipath and {DOA} detection using a fully polarimetric automotive radar",
  booktitle     = "Proc. European Radar Conference (EuRAD)",
  address       = "Nuremberg, Germany",
  volume = "",
  number = "",
  month         = "Oct.",
  year          = "2017",
  pages         = ""
}


@inproceedings{Spreng_EuMC_2015,
  author        = "T. Spreng and \emph{et al.}",
  title         = "Wideband 120 {GH}z to 140 {GH}z {MIMO} radar: System design and imaging results",
  booktitle     = "Proc. European Microwave Conference (EuMC)",
  address       = "Paris, France",
  volume = "",
  number = "",
  month         = "Sept.",
  year          = "2015",
  pages         = ""
}

@inproceedings{Bilik_Radarconf_2018,
  author        = "I. Bilik and \emph{et al.}",
  title         = "Automotive multi-mode cascaded radar data processing embedded system",
  booktitle     = "Proc. IEEE Radar Conference",
  address       = "Oklahoma City, OK",
  volume = "",
  number = "",
  month         = "April",
  year          = "2018",
  pages         = ""
}

@inproceedings{Rameez_Radarconf_2018,
  author        = "M. Rameez and M. Dahl and M. Petterson",
  title         = "Adaptive digital beamforming for interference suppression in automotive {FMCW} radars",
  booktitle     = "Proc. IEEE Radar Conference",
  address       = "Oklahoma City, OK",
  volume = "",
  number = "",
  month         = "April",
  year          = "2018",
  pages         = ""
}

@inproceedings{Uysal_Radarconf_2018,
  author        = "F. Uysal and S. Sanka",
  title         = "Mitigation of automotive radar interference",
  booktitle     = "Proc. IEEE Radar Conference",
  address       = "Oklahoma City, OK",
  volume = "",
  number = "",
  month         = "April",
  year          = "2018",
  pages         = ""
}

@inproceedings{Wagner_ISCAS_2018,
  author        = "M. Wagner and  F. Sulejmani and  A. Melzer and  P. Meissner and  M. Huemer",
  title         = "Threshold-Free Interference Cancellation Method for Automotive {FMCW} Radar Systems",
  booktitle     = "Proc. IEEE International Symposium on Circuits and Systems (ISCAS)",
  address       = " Florence, Italy",
  volume = "",
  number = "",
  month         = "May",
  year          = "2018",
  pages         = ""
}




@inproceedings{Meinl_ICMIM_2017,
  author        = " F. Meinl and  M. Stolz and  M. Kunert and  H. Blume",
  title         = "An experimental high performance radar system for highly automated driving",
  booktitle     = "Proc. International Conference on Microwaves for Intelligent Mobility (ICMIM)",
  address       = " Nagoya, Japan",
  volume = "",
  number = "",
  month         = "Mar.",
  year          = "2017",
  pages         = ""
}

@inproceedings{Rohling_CIE_2001,
  author        = " H. Rohling and M.-M. Meinecke",
  title         = "Waveform design principles for automotive radar systems",
  booktitle     = "Proc. CIE International Conference on Radar",
  address       = "Beijing, China",
  volume = "",
  number = "",
  month         = "Oct.",
  year          = "2001",
  pages         = ""
}



@inproceedings{Tan_Radarconf_2016,
  author        = "U. Tan and \emph{et al.}",
  title         = "Phase code optimization for coherent {MIMO} radar via a gradient descent",
  booktitle     = "Proc. IEEE Radar Conference",
  address       = "Philadelphia, PA",
  volume = "",
  number = "",
  month         = "May",
  year          = "2016",
  pages         = ""
}


@inproceedings{Schmid_non_uniform_2009,
  author        = "C. Schmid and R. Feger and C. Wagner and A. Stelzer",
  title         = "Design of a Linear Non-uniform Antenna Array for a 77-{GH}z {MIMO FMCW} Radar",
  booktitle     = "Proc. IEEE MTT-S International Microwave Workshop on Wireless Sensing, Local Positioning, and RFID",
  address       = "Cavtat, Croatia",
  volume = "",
  number = "",
  month         = "Sept.",
  year          = "2009",
  pages         = ""
}


@inproceedings{Sun_radar_conf_waveform_2014,
  author        = "H. Sun and  F. Brigui and  M. Lesturgie",
  title         = "Analysis and Comparison of {MIMO} Radar Waveforms",
  booktitle     = "Proc. International Radar Conference",
  address       = "Lille, France",
  volume = "",
  number = "",
  month         = "Oct.",
  year          = "2014",
  pages         = ""
}



@inproceedings{Steinbaeck_SDF_2017,
  author        = "J. Steinbaeck and \emph{et al.}",
  title         = "Next generation radar sensors in automotive sensor fusion systems",
  booktitle     = "Proc. Sensor Data Fusion: Trends, Solutions, Applications (SDF)",
  address       = "Bonn, Germany",
  volume = "",
  number = "",
  month         = "Oct.",
  year          = "2017",
  pages         = ""
}

@article{Zheng_SSFR_2017,
author = "L. Zheng and Q. Liu and X. Wang and A. Maleki",
title = "$\ell_p$-based complex approximate message passing with application to sparse stepped frequency radar",
journal = "Signal Processing",
volume = "134",
number = "",
month = "",
year = "2017",
pages = "249-260"
}

@article{Vijay_Random_Sparse_Step_Frequency_2020,
author = "K. V.  Mishra and S. Mulleti and Y. C. Eldar",
title = "Ra{SS}te{R}: Random Sparse Step-Frequency Radar",
journal = "",
volume = "",
number = "",
month = "[Available Online]  https://arxiv.org/pdf/2004.05720.pdf,",
year = "April, 2020",
pages = ""
}

@misc{cvx,
  author       = {Michael Grant and Stephen Boyd},
  title        = {{CVX}: Matlab Software for Disciplined Convex Programming, version 2.1},
  howpublished = {\url{http://cvxr.com/cvx}},
  month        = mar,
  year         = 2014
}


@article{Feifei_Nature_2020,
author = "A. Haque and  M. Arnold and F.-F. Li",
title = "Illuminating the dark spaces of healthcare with ambient intelligence",
journal = "Nature",
volume = "585",
number = "",
month = "",
year = "2020",
pages = "193-202"
}

@article{LeCun_Nature_2015,
author = "Y. LeCun and Y. Bengio and G. Hinton",
title = "Deep learning",
journal = "Nature",
volume = "521",
number = "",
month = "",
year = "2015",
pages = "436-444"
}

@article{Vaidyanathan_Coprime_2011,
author = "P. P. Vaidyanathan and P. Pal",
title = "Sparse sensing with co-prime samplers and arrays",
journal = IEEE_J_SP,
volume = "59",
number = "2",
month = "",
year = "2011",
pages = "573-586"
}

@article{Qin_Coprime_2015,
author = "S. Qin and Y. D. Zhang and M. G. Amin",
title = "Generalized coprime array configurations for direction-of-arrival estimation",
journal = IEEE_J_SP,
volume = "63",
number = "6",
month = "",
year = "2015",
pages = "1377-1390"
}





@article{Engels_SPM_2017,
author = "F. Engels  and P. Heidenreich and A. M. Zoubir and  F. Jondral and M. Wintermantel",
title = "Advances in Automotive Radar: A framework on computationally efficient high-resolution frequency estimation",
journal = IEEE_M_SP,
volume = "34",
number = "2",
month = "",
year = "2017",
pages = "36-46"
}

@article{Patole_SPM_2017,
author = "S. Patole and M. Torlak and D. Wang and M. Ali",
title = "Automotive Radars: A review of signal processing techniques",
journal = IEEE_M_SP,
volume = "34",
number = "2",
month = "",
year = "2017",
pages = "22-35"
}




@article{Vaidyanathan_Nest_2010,
author = "P. Pal and P. P. Vaidyanathan",
title = "Nested arrays: A novel approach to array processing with enhanced degrees of freedom",
journal = IEEE_J_SP,
volume = "58",
number = "8",
month = "",
year = "2010",
pages = "4167-4181"
}


@article{Christodoulou_swarm_2005,
author = "M. M. Khodier and C. G. Christodoulou",
title = "Linear array geometry synthesis with minimum sidelobe level and null control using particle swarm optimization",
journal = IEEE_J_AP,
volume = "53",
number = "8",
month = "",
year = "2005",
pages = "2674-2679"
}

@article{Simoni_optimal_array_arXiv_2018,
author = "M. Gonalez-Huici and D. Mateos-Nunez and C. Greiff and R. Simoni",
title = "Constrained optimal design of automotive radar arrays using the {W}eiss-{W}einstein Bound",
journal = "arXiv:1804.08608",
volume = "",
number = "",
month = "April",
year = "2018",
pages = ""
}

@article{Feger_MTT_2009,
author = "R. Feger and C. Wagner and S. Schuster and S. Scheiblhofer and H. Jager and
A. Stelzer",
title = "A 77-{GH}z {FMCW MIMO} Radar based on an {S}i{G}e single chip transceiver",
journal = IEEE_J_MTT,
volume = "57",
number = "5",
month = "",
year = "2009",
pages = "1020-1035"
}

@article{Nanzer_MTT_2017,
author = "J. Nanzer  and  R. Schmid and  T. Comberiate and  J. Hodkin",
title = "Open-Loop Coherent Distributed Arrays",
journal = IEEE_J_MTT,
volume = "65",
number = "5",
month = "",
year = "2017",
pages = "1662-1672"
}


@article{Brooker_EMC_2007,
author = "G. M. Brooker",
title = "Mutual interference of millimeter-wave radar systems",
journal = IEEE_J_EMC,
volume = "49",
number = "1",
month = "",
year = "2007",
pages = "170-181"
}



@article{Candes_Inverse_2014,
author = "E. J. Cand{\`e}s  and J. Romberg",
title = "Sparsity and incoherence in compressive sampling",
journal = "Inverse Problems",
volume = "23",
number = "",
month = "",
year = "2007",
pages = "969-985"
}


@article{Carin_Sparse_Array_2011,
author = "L. Carin and D. Liu and B. Guo ",
title = "Coherence, Compressive Sensing, and Random Sensor Arrays",
journal = IEEE_M_AP,
volume = "53",
number = "4",
month = "",
year = "2011",
pages = "28-39"
}





@article{Eldar_Spatial_CS_2014,
author = " M. Rossi and  A. Haimovich and  Y. Eldar",
title = "Spatial Compressive Sensing for {MIMO} Radar",
journal = IEEE_J_SP,
volume = "62",
number = "2",
month = "",
year = "2014",
pages = "419-430"
}

@article{Schmidt_MUSIC_1986,
author = "R. Schmidt",
title = "Multiple emitter location and signal parameter estimation",
journal = IEEE_J_AP,
volume = "34",
number = "3",
month = "",
year = "1986",
pages = "276-280"
}

 @article{Kailath_Spatial_Smoothing_1985,
author = "T. Shan and M. Wax and T. Kailath",
title = "On spatial smoothing for direction-of-arrival estimation of coherent signals",
journal = IEEE_J_ASSP,
volume = "33",
number = "4",
month = "",
year = "1985",
pages = "506-811"
}


 @article{Kailath_ESPRIT_1989,
author = "R. Roy and T. Kailath",
title = "{ESPRIT} - Estimation of signal parameters via rotation invariance techniques",
journal = IEEE_J_ASSP,
volume = "17",
number = "7",
month = "",
year = "1989",
pages = "984-995"
}


 @article{Candes&Recht2009,
author = "E. J. Cand{\`e}s and B. Recht",
title = "Exact matrix completion via convex optimization",
journal = "Foundations of Computational Mathematics",
volume = "9",
number = "6",
month = "",
year = "2009",
pages = "717-772"
}

 @article{Wen,
author = "Z. Wen and W. Yin",
title = "A feasible method for optimization with orthogonality constraints",
journal = "Mathematical Programming Ser. A",
volume = "142",
number = "1-2",
month = "",
year = "2013",
pages = "397-434"
}

 @article{mismatched_filter,
author = "M. H. Ackroyd and F. Ghani",
title = "Optimum mismatched filters for sidelobe suppression",
journal = IEEE_J_AES,
volume = "AES-9",
number = "2",
month = "",
year = "1973",
pages = "214-218"
}


 @article{MIMO_ambiguity,
author = "G. S. Antonio and D. R. Fuhrmann and F. C. Robey",
title = "{MIMO} radar ambiguity functions",
journal = IEEE_J_SP,
volume = "1",
number = "1",
month = "",
year = "2007",
pages = "167-177"
}

 @article{Vaidyanathan_ambiguity,
author = "C. Y. Chen and P. P. Vaidyanathan",
title = "{MIMO} radar ambiguity properties and optimization using frequency-hopping waveforms",
journal = IEEE_J_SP,
volume = "56",
number = "2",
month = "",
year = "2008",
pages = "5926-5936"
}

 @article{Tropp_projection,
author = "J. A. Tropp and I. S. Dhillon and R. W. Heath and T. Strohmer",
title = "Designing structured tight frames via an alternating projection method",
journal = IEEE_J_IT,
volume = "51",
number = "1",
month = "",
year = "2005",
pages = "188-209"
}

 @article{CAN_single,
author = "P. Stoica and H. He and J. Li",
title = "New algorithms for designing unimodular sequences with good correlation properties",
journal = IEEE_J_SP,
volume = "57",
number = "4",
month = "",
year = "2009",
pages = "1415-1425"
}


 @article{Probing_MIMO,
author = "P. Stoica and J. Li and Y. Xie",
title = "On probing signal design for {MIMO} radar",
journal = IEEE_J_SP,
volume = "55",
number = "8",
month = "",
year = "2007",
pages = "4151-4161"
}

 @article{Vorobyov_phased_MIMO,
author = "A. Hassanien and S. A. Vorobyov",
title = "Phased-{MIMO} radar: A tradeoff between phased-array and {MIMO} radars",
journal = IEEE_J_SP,
volume = "58",
number = "6",
month = "",
year = "2010",
pages = "3137-3151"
}



 @article{CAN_MIMO,
author = "H. He  and P. Stoica and J. Li",
title = "Designing unimodular sequence sets with good correlations-including an application to {MIMO} radar",
journal = IEEE_J_SP,
volume = "57",
number = "11",
month = "",
year = "2009",
pages = "4391-4405"
}

 @article{unitary_const,
author = "J. H. Manton",
title = "Optimization algorithms exploiting unitary constraints",
journal = IEEE_J_SP,
volume = "50",
number = "3",
month = "",
year = "2002",
pages = "635-650"
}



 @article{Jian_range_compression,
author = "J. Li and L. Xu and P. Stoica and K. W. Forsythe and D. W. Bliss",
title = "Range compression and waveform optimization for {MIMO} radar: A {C}ramer-{R}ao bound based study",
journal = IEEE_J_SP,
volume = "56",
number = "1",
month = "",
year = "2008",
pages = "218-232"
}

 @article{non_monotone_line,
author = "H. Zhang and W. W. Hager",
title = "A nonmonotone line search technique and its application to unconstrained optimization",
journal = "SIAM J. Optim.",
volume = "14",
number = "4",
month = "",
year = "2004",
pages = "1043-1056"
}



@article{completion1,
author = "E. J. Cand{\`e}s and T. Tao",
title = "The power of convex  relaxation: Near-optimal matrix completion",
journal = IEEE_J_IT,
volume = "56",
number = "5",
month = "",
year = "2010",
pages = "2053-2080"
}

@article{completion2,
author = "E. J. Cand{\`e}s and Y. Plan",
title = "Matrix completion with noise",
journal = IEEE_J_PROC,
volume = "98",
number = "6",
month = "",
year = "2010",
pages = "925-936"
}

 @article{Sidiropoulos_TSP,
author = "D. Nion and N. D. Sidiropoulos",
title = "Tensor algebra and multi-dimensional harmonic retrieval in signal processing for {MIMO} radar",
journal = IEEE_J_SP,
volume = "58",
number = "11",
month = "",
year = "2010",
pages = "5693-5705"
}




 @article{Guerci_AES_2017,
author = "L. B. Fertig and J. M. Baden and J. R. Guerci",
title = "Knowledge-aided processing for multipath exploitation radar ({MER})",
journal = IEEE_M_AES,
volume = "32",
number = "10",
month = "",
year = "2017",
pages = "24-36"
}

 @article{Complex_derivative,
author = "A. Hj{${\phi}$}ungnes and D. Gesbert",
title = "Complex-Valued Matrix Differentiation: Techniques and Key Results",
journal = IEEE_J_SP,
volume = "55",
number = "6",
month = "",
year = "2007",
pages = "2740-2746"
}

 @article{Magnus,
author = "J. R. Magnus and H. Neudecker",
title = "Symmetry, 0-1 Matrices and {Jacobians}: A Review",
journal = "Econometric Theory",
volume = "2",
number = "2",
month = "",
year = "1986",
pages = "157-190"
}

 @article{Joho,
author = "M. Joho",
title = "Newton method for joint approximate diagonalization of positive definite {H}ermitian matrices",
journal = "SIAM J. Matrix Anal. \& Appl.",
volume = "30",
number = "3",
month = "",
year = "2008",
pages = "1205-1218"
}


 @book{Complex_derivative_book,
author = "A. Hj{${\phi}$}ungnes",
title = "Complex-Valued Matrix Derivatives: With Applications in Signal Processing and Communications",
publisher = "Cambridge, UK, Cambridge University Press",
year = "2011"
}



 @book{Magnus-book,
author = "J. R. Magnus and H. Neudecker",
title = "Matrix Differential Calculus with Applications in Statistics and Econometrics, 3rd Edition",
publisher = "West Sussex, England, Wiley",
year = "2007"
}

 @book{Bertsekas_1999,
author = "D. P. Bertsekas",
title = "Nonlinear Programming, 2nd ed.",
publisher = "Athena Scientific",
year = "1999"
}


 @book{Opt-manifold-book,
author = "P. A. Absil and R. Mathony and R. Sepulchre",
title = "Optimization Algorithms on Matrix Manifolds",
publisher = "Princeton, Princeton University Press",
year = "2008"
}

@book{Guerci_MIMO_book_2018,
author = "J. Bergin and J. R. Guerci",
title = "MIMO Radar: Theory and Application ",
publisher = "Boston, MA, Artech House",
year = "2018"
}


@book{Jian_MIMO_book,
author = "J. Li and P. Stoica",
title = "MIMO Radar Signal Processing",
publisher = "Hoboken, NJ, Wiley",
year = "2009"
}

 @book{Skolnik,
author = "M. I. Skolnik",
title = "Introduction to Radar Systems",
publisher = "New York, McGraw-Hill",
year = "1962"
}

 @book{Skolnik_handbook,
author = "M. I. Skolnik",
title = "Radar Handbook, 3rd Ed",
publisher = "New York, McGraw-Hill",
year = "2008"
}

 @book{Levanon,
author = "N. Levanon and E. Mozeson",
title = "Radar Signals",
publisher = "Hoboken, NJ, Wiley",
year = "2004"
}


 @book{Richards,
author = "M. A. Richards",
title = "Fundamentals of Radar Signal Processing, 2nd Ed",
publisher = "New York, McGraw-Hill",
year = "2014"
}

 @book{Mahafza,
author = "B. R. Mahafza",
title = "Radar Systems Analysis and Design Using MATLAB",
publisher = "New York, Chapman \& Hall/CRC",
year = "2000"
}

 @book{Stoica_spectral,
author = "P. Stoica and R. Moses",
title = "Spectral Analysis of Signals",
publisher = "New Jersey, Pearson Prentice Hall",
year = "2005"
}

@book{Van_Trees,
author = "H. L. Van Trees",
title = "Optimum Arrary Processing",
publisher = "Wiley, NY",
year = "2002"
}


 @book{David_Tse,
author = "D. Tse and P. Viswanath",
title = "Fundamentals of Wireless Communication",
publisher = "Cambridge, U.K., Cambridge Univesity Press",
year = "2005"
}


 @book{W_S_Lu,
author = "A. Antoniou and W.-S. Lu",
title = "Practical Optimization: Algorithms and Engineering Applications",
publisher = "New York, Springer",
year = "2007"
}


 @book{Lanczos,
author = "C. Lanczos",
title = "Discourse on Fourier Series",
publisher = "Edinburgh, Oliver and Boyd",
year = "1966"
}



 @article{Barker,
author = "R. H. Barker",
title = "Group synchrnonizing of binary digital sequences",
journal = "Communication Theory",
volume = "",
number = "",
month = "",
year = "W. Jackson, Ed., London, U.K.: Butteworth, 1953",
pages = "273-287"
}

 @article{Geometry_Manifold,
author = "A. Edelamn and T. A. Arias and S. T. Smith",
title = "The geometry of algorithms with orthogonality constraints",
journal = "SIAM J. Matrix Anal. \& Appl.",
volume = "20",
number = "2",
month = "",
year = "1998",
pages = "303-353"
}




 @article{Dennis_TSP,
author = "D. S. Kalogerias and A. P. Petropulu",
title = "Matrix Completion in Colocated {MIMO} Radar:
Recoverability, Bounds \& Theoretical Guarantees",
journal = IEEE_J_SP,
volume = "62",
number = "2",
month = "",
year = "2014",
pages = "309-321"
}

 @article{Yang_waveform,
author = "Y. Yang and R. S. Blum",
title = "{MIMO} radar waveform design based on mutual information and minimum mean-square error estimation",
journal = IEEE_J_AES,
volume = "43",
number = "1",
month = "",
year = "2007",
pages = "330-343"
}

 @article{Yang_waveform_JSTSP,
author = "Y. Yang and R. S. Blum",
title = "Minimax robust {MIMO} radar waveform design",
journal = IEEE_J_JSTSP,
volume = "1",
number = "1",
month = "",
year = "2007",
pages = "147-155"
}

 @article{Bliss_JSTSP_2010,
author = "K. W. Forsythe and D. W. Bliss",
title = "{MIMO} radar waveform constraints for {GMTI}",
journal = IEEE_J_JSTSP,
volume = "4",
number = "1",
month = "",
year = "2010",
pages = "21-32"
}

 @article{Deng_TSP_2004,
author = "H. Deng",
title = "Polyphase code design for orthogonal netted radar systems",
journal = IEEE_J_SP,
volume = "52",
number = "10",
month = "",
year = "2004",
pages = "3126-3135"
}

 @article{Nehorai_TSP_2012,
author = "S. Gogineni and A. Nehorai",
title = "Frequency-Hopping code design for {MIMO} radar estimation using sparse modeling",
journal = IEEE_J_SP,
volume = "60",
number = "6",
month = "",
year = "2012",
pages = "3022-3035"
}

 @article{Duly_AES_2013,
author = "A. Duly and D. Love and J. Krogmeier",
title = "Time-Division beamforming for {MIMO} radar waveform design",
journal = IEEE_J_AES,
volume = "49",
number = "2",
month = "",
year = "2013",
pages = "1210-1223"
}

 @article{Bechter_letter_2017,
author = "J. Bechter and F. Roos and C. Waldschmidt",
title = "Compensation of motion-induced phase errors in {TDM} {MIMO} radars",
journal = IEEE_J_MWCL,
volume = "27",
number = "12",
month = "",
year = "2017",
pages = "1164-1166"
}

 @article{Bleh_2017,
author = "D. Bleh and \emph{et al.}",
title = "W-Band Time-Domain Multiplexing {FMCW MIMO} Radar for Far-Field 3-{D} Imaging",
journal = IEEE_J_MTT,
volume = "65",
number = "9",
month = "",
year = "2017",
pages = "3474-3484"
}



 @article{Yao_AES_2014,
author = "Y. Yu and S. Sun and R. N. Madan and A. P. Petropulu",
title = "Power allocation and waveform design for the compressive sensing based {MIMO} radar",
journal = IEEE_J_AES,
volume = "50",
number = "2",
month = "",
year = "2014",
pages = "898-909"
}

 @article{SVT,
author = "J. F. Cai and E. J. Cand{\`e}s and Z. Shen",
title = "A singular value thresholding algorithm for matrix completion",
journal = "SIAM J. Optim.",
volume = "20",
number = "2",
month = "",
year = "2010",
pages = "1956-1982"
}




 @article{Sun_AES,
author = "S. Sun and W. U. Bajwa and A. P. Petropulu",
title = "{MIMO-MC} Radar: A {MIMO} Radar Approach Based on Matrix Completion",
journal = IEEE_J_AES,
volume = "51",
number = "3",
month = "",
year = "2015",
pages = "1839-1852"
}




 @article{Liang_AES_2012,
author = "L. Xu and Q. Liang",
title = "Zero correlation zone sequence pair sets for {MIMO} radar",
journal = IEEE_J_AES,
volume = "48",
number = "3",
month = "",
year = "2012",
pages = "2100-2113"
}

 @article{Vorobyov_Phased_MIMO_radar,
author = "A. Hassanien and S. A. Vorobyov",
title = "Phased-{MIMO} radar: A tradeoff between phase-array
and {MIMO} radars",
journal = IEEE_J_SP,
volume = "58",
number = "6",
month = "",
year = "2010",
pages = "3137-3151"
}



 @article{Jian_07,
author = "J. Li and P. Stoica",
title = "{MIMO} radar with colocated antennas",
journal = IEEE_M_SP,
volume = "24",
number = "5",
month = "",
year = "2007",
pages = "106-114"
}


 @article{Jian_07_SPL,
author = "J. Li and P. Stoica and L. Xu and W. Roberts",
title = "On parameter identifiability of {MIMO} radar",
journal = "IEEE Signal Process. Lett.",
volume = "14",
number = "12",
month = "",
year = "2007",
pages = "968-971"
}

 @article{Haimovich_08,
author = "A. M. Haimovich and R. S. Blum and L. J. Cimini",
title = "{MIMO} radar with widely separated antennas",
journal = IEEE_M_SP,
volume = "25",
number = "1",
month = "",
year = "2008",
pages = "116-129"
}

 @article{Fishler_06,
author = "E. Fishler and A. M. Haimovich, R. Blum and L. Cimini and D. Chizhik and R. Valenzuela",
title = "Spatial diversity in radars-models and detection performance",
journal = IEEE_J_SP,
volume = "54",
number = "3",
month = "",
year = "2006",
pages = "823-838"
}


@inproceedings{Rambach_ICASSP_13,
  author        = "K. Rambach and B. Yang",
  title         = "Colocated {MIMO} radar: Cramer-{R}ao bound and optimal time division multiplexing for {DOA} estimation of moving targets",
  booktitle     = "Proc. IEEE 38th Int. Conf. on Acoustics, Speech, and Signal Processing (ICASSP)",
  address       = "Vancouver, Canada",
  volume = "",
  number = "",
  month         = "May",
  year          = "2013",
  pages         = ""
}


@inproceedings{Zoeke_EuRAD_2015,
  author        = "D. Zoeke and A. Ziroff",
  title         = "Phase migration effects in moving target localization using switched {MIMO} arrays",
  booktitle     = "Proc. European Radar Conference (EuRAD)",
  address       = "Paris, France",
  volume = "",
  number = "",
  month         = "Sept.",
  year          = "2015",
  pages         = ""
}

@inproceedings{Bilik_RadarConf_2016,
  author        = "I. Bilik and \emph{et al.}",
  title         = "Automotive {MIMO} radar for urban environments",
  booktitle     = "Proc. IEEE Radar Conference",
  address       = "Philadelphia, PA",
  volume = "",
  number = "",
  month         = "May",
  year          = "2016",
  pages         = ""
}

@inproceedings{Wintermantel_Patent_2011,
  author        = "M. Wintermantel",
  title         = "Radar System With Improved Angle Formation",
  booktitle     = "",
  address       = "U.S. Patent 2011/0074621",
  volume = "",
  number = "",
  month         = "Mar. 31,",
  year          = "2011",
  pages         = ""
}

@inproceedings{Schoor_Patent_2014,
  author        = "M. Schoor and \emph{et al.}",
  title         = "Method for operating a {MIMO} radar",
  booktitle     = "",
  address       = "U.S. Patent 2014/0347211",
  volume = "",
  number = "",
  month         = "Nov. 27,",
  year          = "2014",
  pages         = ""
}


@inproceedings{Alland_Patent_2009,
  author        = "S. Alland and J. Searcy",
  title         = "Radar system and method of digital beamforming",
  booktitle     = "",
  address       = "U.S. Patent 2009/0085800",
  volume = "",
  number = "",
  month         = "April 2,",
  year          = "2009",
  pages         = ""
}


@inproceedings{Alland_Patent_2018,
  author        = "S. Alland and \emph{et al.}",
  title         = "Virtual radar configuration for 2{D} array",
  booktitle     = "",
  address       = "U.S. Patent 9 869 762",
  volume = "",
  number = "",
  month         = "Jan. 16,",
  year          = "2018",
  pages         = ""
}


@inproceedings{Coelingh_AEB_2010,
  author        = "E. Coelingh and A. Eidehall and M. Bengtsson",
  title         = "Collision Warning with Full Auto Brake and Pedestrian Detection - a practical example of Automatic Emergency Braking",
  booktitle     = "Proc. 13th IEEE Conf. on Intelligent Transportation Systems (ITSC)",
  address       = "Funchal, Portugal",
  volume = "",
  number = "",
  month         = "Sept.",
  year          = "2010",
  pages         = ""
}



@inproceedings{CISS_beamforming_2013,
  author        = "S. Sun and A. P. Petropulu",
  title         = "Robust beamforming via matrix completion",
  booktitle     = "Proc. 47th Annual Conference on Information Sciences and Systems (CISS)",
  address       = "Baltimore, MD",
  volume = "",
  number = "",
  month         = "March 20-22,",
  year          = "2013",
  pages         = ""
}


@inproceedings{Capon_beamforming_SPIE_2013,
  author        = "Y. Yu and S. Sun and A. P. Petropulu",
  title         = "A {C}apon beamforming method for clutter suppression in colocated compressive sensing based {MIMO} radar",
  booktitle     = "Proc. SPIE Defense, Security, and Sensing",
  address       = "Baltimore, MD",
  volume = "",
  number = "",
  month         = "April 29-May 3,",
  year          = "2013",
  pages         = ""
}

@inproceedings{Schneider_GeMiC_2005,
  author        = "M. Schneider",
  title         = "Automotive Radar - Status and Trends",
  booktitle     = "Proc. German Microwave Conference (GeMiC)",
  address       = "Ulm, Germany",
  volume = "",
  number = "",
  month         = "April",
  year          = "2005",
  pages         = ""
}

@inproceedings{Lehmann_Asilomar_06,
  author        = "N. H. Lehmann and A. M. Haimovich and R. S. Blum and L. J. Cimini",
  title         = "High resolution capabilities of {MIMO} radar",
  booktitle     = "Proc. 40th Asilomar Conf. Signals, Systems and Computers",
  address       = "Pacific Grove, CA",
  volume = "",
  number = "",
  month         = "Nov.",
  year          = "2006",
  pages         = ""
}

@inproceedings{Chernyak,
  author        = "V. S. Chernyak",
  title         = "On the concept of {MIMO} radar",
  booktitle     = "Proc. IEEE International Radar Conference",
  address       = "Arlington, VA",
  volume = "",
  number = "",
  month         = "May 10-14",
  year          = "2010",
  pages         = ""
}


 @article{Sun_JSTSP_2021,
author = "S. Sun and Y. D. Zhang",
title = "4{D} automotive radar sensing for autonomous vehicles: A sparsity-oriented approach",
journal = IEEE_J_JSTSP,
volume = "15",
number = "4",
month = "",
year = "2021",
pages = "879-891"
}

 @article{Sun_JSTSP_2015,
author = "S. Sun and A. P. Petropulu",
title = "Waveform design for {MIMO} radars with matrix completion",
journal = IEEE_J_JSTSP,
volume = "9",
number = "8",
month = "",
year = "2015",
pages = "1400-1411"
}

 @article{Sun_Dissertation,
author = "S. Sun",
title = "{MIMO} {R}adars with {S}parse {S}ensing",
journal = "",
volume = "",
number = "",
month = "",
year = "Ph.D. Dissertation, Rutgers University, New Brunswick, NJ, 2016",
pages = ""
}

@article{Strohmer_MIMO_2014,
author = "T. Strohmer and B. Friedlander",
title = "Analysis of Sparse {MIMO} Radar",
journal = "Appl. Comp. Harm. Anal.",
volume = "37",
number = "",
month = "",
year = "2014",
pages = "361-388"
}


 @article{Yao_JSTSP,
author = "Y. Yu and A. P. Petropulu and H. V. Poor",
title = "{MIMO} radar using compressive sampling",
journal = IEEE_J_JSTSP,
volume = "4",
number = "1",
month = "",
year = "2010",
pages = "146-163"
}

 @article{Roberts_IAA_2010,
author = "W. Roberts and  P. Stoica and  J. Li and  T. Yardibi and  F. Sadjadi",
title = "Iterative Adaptive Approaches to {MIMO} Radar Imaging",
journal = IEEE_J_JSTSP,
volume = "4",
number = "1",
month = "",
year = "2010",
pages = "5-20"
}

 @article{Yardibi_IAA_2010,
author = "T. Yardibi and J. Li and  P. Stoica and  M. Xue and  A. Baggeroer",
title = "Source Localization and Sensing: A Nonparametric Iterative Adaptive Approach Based on Weighted Least Squares",
journal = IEEE_J_AES,
volume = "46",
number = "1",
month = "",
year = "2010",
pages = "425-443"
}



 @article{Yao_CSSF,
author = "Y. Yu and A. P. Petropulu and H. V. Poor",
title = "{CSSF MIMO} radar: Compressive-sensing and step-frequency based {MIMO} radar",
journal = IEEE_J_AES,
volume = "48",
number = "2",
month = "",
year = "2012",
pages = "1490-1504"
}


 @article{Yao_Measurement_TSP_2011,
author = "Y. Yu and A. P. Petropulu and H. V. Poor",
title = "Measurement matrix design for compressive sensing-based {MIMO} radar",
journal = IEEE_J_SP,
volume = "59",
number = "11",
month = "",
year = "2011",
pages = "5338-5352"
}



 @article{Sun_TR,
author = "S. Sun and A. P. Petropulu",
title = "Waveform design for {MIMO} radar with matrix completion",
journal = "Technical Report, Rutgers University",
volume = "",
number = "",
month = "",
year = "Jan., 2015 (http://eceweb1.rutgers.edu/\textasciitilde cspl/publications/Waveform-TR.pdf)",
pages = ""
}

 @article{Herman_TSP,
author = "M. Herman and T. Strohmer",
title = "High Resolution Radar via Compressed Sensing",
journal = IEEE_J_SP,
volume = "57",
number = "6",
month = "",
year = "2009",
pages = "2275-2284"
}



 @article{Chi_TSP,
author = "Y. Chi and L. L. Scharf and A. Pezeshki and A. R. Calderbank",
title = "Sensitivity to basis mismatch in compressed sensing",
journal = IEEE_J_SP,
volume = "59",
number = "5",
month = "",
year = "2011",
pages = "2182-2195"
}




 @article{Bound_Traces,
author = "H. Wolkowicz and G. P. H. Styan",
title = "Bounds for eigenvalues using traces",
journal = "Linear Algebra and Its Applications",
volume = "29",
number = "2",
month = "",
year = "1980",
pages = "471-506"
}

@article{ren2016faster,
  title={Faster {R-CNN}: towards real-time object detection with region proposal networks},
  author={Ren, Shaoqing and He, Kaiming and Girshick, Ross and Sun, Jian},
  journal={IEEE Trans. on Pattern Analysis and Machine Intelligence},
  volume={39},
  number={6},
  pages={1137--1149},
  year={2016},
  publisher={IEEE}
}



@inproceedings{lin2014microsoft,
  author = "T. Y. Lin and \emph{et. al.}",
  title         = "Microsoft {COCO}: Common objects in context",
  booktitle     = "Proc. European Conference on Computer Vision (ECCV)",
  address       = "Zurich, Switzerland",
  volume = "",
  number = "",
  month         = "Sept. 6-12,",
  year          = "2014",
  pages         = ""
}