
@article{ardizzone2018analyzing,
  title={Analyzing inverse problems with invertible neural networks},
  author={Ardizzone, Lynton and Kruse, Jakob and Wirkert, Sebastian and Rahner, Daniel and Pellegrini, Eric W and Klessen, Ralf S and Maier-Hein, Lena and Rother, Carsten and K{\"o}the, Ullrich},
  journal={arXiv preprint arXiv:1808.04730},
  year={2018}
}


@article{byrnes2021data,
  title={Data hiding with deep learning: A survey unifying digital watermarking and steganography},
  author={Byrnes, Olivia and La, Wendy and Wang, Hu and Ma, Congbo and Xue, Minhui and Wu, Qi},
  journal={arXiv preprint arXiv:2107.09287},
  year={2021}
}


@inproceedings{jia2021mbrs,
  title={Mbrs: Enhancing robustness of dnn-based watermarking by mini-batch of real and simulated jpeg compression},
  author={Jia, Zhaoyang and Fang, Han and Zhang, Weiming},
  booktitle={Proceedings of the 29th ACM International Conference on Multimedia},
  pages={41--49},
  year={2021}
}


@inproceedings{zhu2018hidden,
  title={Hidden: Hiding data with deep networks},
  author={Zhu, Jiren and Kaplan, Russell and Johnson, Justin and Fei-Fei, Li},
  booktitle={Proceedings of the European conference on computer vision (ECCV)},
  pages={657--672},
  year={2018}
}

@inproceedings{luo2020distortion,
  title={Distortion agnostic deep watermarking},
  author={Luo, Xiyang and Zhan, Ruohan and Chang, Huiwen and Yang, Feng and Milanfar, Peyman},
  booktitle={Proceedings of the IEEE/CVF Conference on Computer Vision and Pattern Recognition},
  pages={13548--13557},
  year={2020}
}

@inproceedings{tancik2020stegastamp,
  title={Stegastamp: Invisible hyperlinks in physical photographs},
  author={Tancik, Matthew and Mildenhall, Ben and Ng, Ren},
  booktitle={Proceedings of the IEEE/CVF Conference on Computer Vision and Pattern Recognition},
  pages={2117--2126},
  year={2020}
}

@inproceedings{xing2021invertible,
  title={Invertible image signal processing},
  author={Xing, Yazhou and Qian, Zian and Chen, Qifeng},
  booktitle={Proceedings of the IEEE/CVF Conference on Computer Vision and Pattern Recognition},
  pages={6287--6296},
  year={2021}
}


@inproceedings{liu2019novel,
  title={A novel two-stage separable deep learning framework for practical blind watermarking},
  author={Liu, Yang and Guo, Mengxi and Zhang, Jian and Zhu, Yuesheng and Xie, Xiaodong},
  booktitle={Proceedings of the 27th ACM International Conference on Multimedia},
  pages={1509--1517},
  year={2019}
}


@inproceedings{lu2021large,
  title={Large-capacity image steganography based on invertible neural networks},
  author={Lu, Shao-Ping and Wang, Rong and Zhong, Tao and Rosin, Paul L},
  booktitle={Proceedings of the IEEE/CVF Conference on Computer Vision and Pattern Recognition},
  pages={10816--10825},
  year={2021}
}

@article{zhang2020robust,
  title={Robust Data Hiding Using Inverse Gradient Attention},
  author={Zhang, Honglei and Wang, Hu and Cao, Yuanzhouhan and Shen, Chunhua and Li, Yidong},
  journal={arXiv preprint arXiv:2011.10850},
  year={2020}
}

@inproceedings{xiao2020invertible,
  title={Invertible image rescaling},
  author={Xiao, Mingqing and Zheng, Shuxin and Liu, Chang and Wang, Yaolong and He, Di and Ke, Guolin and Bian, Jiang and Lin, Zhouchen and Liu, Tie-Yan},
  booktitle={European Conference on Computer Vision},
  pages={126--144},
  year={2020},
  organization={Springer}
}


@article{guan2022deepmih,
  title={DeepMIH: Deep Invertible Network for Multiple Image Hiding},
  author={Guan, Zhenyu and Jing, Junpeng and Deng, Xin and Xu, Mai and Jiang, Lai and Zhang, Zhou and Li, Yipeng},
  journal={IEEE Transactions on Pattern Analysis and Machine Intelligence},
  year={2022},
  publisher={IEEE}
}


@inproceedings{xie2021enhanced,
  title={Enhanced invertible encoding for learned image compression},
  author={Xie, Yueqi and Cheng, Ka Leong and Chen, Qifeng},
  booktitle={Proceedings of the 29th ACM International Conference on Multimedia},
  pages={162--170},
  year={2021}
}


@article{dinh2014nice,
  title={Nice: Non-linear independent components estimation},
  author={Dinh, Laurent and Krueger, David and Bengio, Yoshua},
  journal={arXiv preprint arXiv:1410.8516},
  year={2014}
}


@inproceedings{cheng2021iicnet,
  title={IICNet: A Generic Framework for Reversible Image Conversion},
  author={Cheng, Ka Leong and Xie, Yueqi and Chen, Qifeng},
  booktitle={Proceedings of the IEEE/CVF International Conference on Computer Vision},
  pages={1991--2000},
  year={2021}
}






@inproceedings{lin2014microsoft,
  title={Microsoft coco: Common objects in context},
  author={Lin, Tsung-Yi and Maire, Michael and Belongie, Serge and Hays, James and Perona, Pietro and Ramanan, Deva and Doll{\'a}r, Piotr and Zitnick, C Lawrence},
  booktitle={European conference on computer vision},
  pages={740--755},
  year={2014},
  organization={Springer}
}

@inproceedings{agustsson2017ntire,
  title={Ntire 2017 challenge on single image super-resolution: Dataset and study},
  author={Agustsson, Eirikur and Timofte, Radu},
  booktitle={Proceedings of the IEEE conference on computer vision and pattern recognition workshops},
  pages={126--135},
  year={2017}
}


@inproceedings{yu2020attention,
  title={Attention based data hiding with generative adversarial networks},
  author={Yu, Chong},
  booktitle={Proceedings of the AAAI Conference on Artificial Intelligence},
  pages={1120--1128},
  year={2020}
}






@article{brigham1967fast,
  title={The fast Fourier transform},
  author={Brigham, E Oran and Morrow, RE},
  journal={IEEE spectrum},
  volume={4},
  number={12},
  pages={63--70},
  year={1967},
  publisher={IEEE}
}





@article{kingma2014adam,
  title={Adam: A method for stochastic optimization},
  author={Kingma, Diederik P and Ba, Jimmy},
  journal={arXiv preprint arXiv:1412.6980},
  year={2014}
}




@article{ahmadi2020redmark,
  title={ReDMark: Framework for residual diffusion watermarking based on deep networks},
  author={Ahmadi, Mahdi and Norouzi, Alireza and Karimi, Nader and Samavi, Shadrokh and Emami, Ali},
  journal={Expert Systems with Applications},
  pages={113157},
  year={2020},
  publisher={Elsevier}
}

@inproceedings{van1994digital,
  title={A digital watermark},
  author={Van Schyndel, Ron G and Tirkel, Andrew Z and Osborne, Charles F},
  booktitle={Proceedings of 1st international conference on image processing},
  volume={2},
  pages={86--90},
  year={1994},
  organization={IEEE}
}


@inproceedings{soualmi2018schur,
  title={Schur and DCT decomposition based medical images watermarking},
  author={Soualmi, Abdallah and Alti, Adel and Laouamer, Lamri},
  booktitle={2018 Sixth International Conference on Enterprise Systems (ES)},
  pages={204--210},
  year={2018},
  organization={IEEE}
}

@article{su2014blind,
  title={A blind double color image watermarking algorithm based on QR decomposition},
  author={Su, Qingtang and Niu, Yugang and Zou, Hailin and Zhao, Yongsheng and Yao, Tao},
  journal={Multimedia tools and applications},
  volume={72},
  number={1},
  pages={987--1009},
  year={2014},
  publisher={Springer}
}

@article{mehta2016lwt,
  title={LWT-QR decomposition based robust and efficient image watermarking scheme using Lagrangian SVR},
  author={Mehta, Rajesh and Rajpal, Navin and Vishwakarma, Virendra P},
  journal={Multimedia Tools and Applications},
  volume={75},
  number={7},
  pages={4129--4150},
  year={2016},
  publisher={Springer}
}



@article{hu1962visual,
  title={Visual pattern recognition by moment invariants},
  author={Hu, Ming-Kuei},
  journal={IRE transactions on information theory},
  volume={8},
  number={2},
  pages={179--187},
  year={1962},
  publisher={IEEE}
}


@article{hu2014orthogonal,
  title={Orthogonal moments based on exponent functions: Exponent-Fourier moments},
  author={Hu, Hai-tao and Zhang, Ya-dong and Shao, Chao and Ju, Quan},
  journal={Pattern Recognition},
  volume={47},
  number={8},
  pages={2596--2606},
  year={2014},
  publisher={Elsevier}
}

@article{alotaibi2019text,
  title={Text-image watermarking based on integer wavelet transform (IWT) and discrete cosine transform (DCT)},
  author={Alotaibi, Reem A and Elrefaei, Lamiaa A},
  journal={Applied Computing and Informatics},
  volume={15},
  number={2},
  pages={191--202},
  year={2019},
  publisher={Elsevier}
}


@article{hamidi2018hybrid,
  title={Hybrid blind robust image watermarking technique based on DFT-DCT and Arnold transform},
  author={Hamidi, Mohamed and Haziti, Mohamed El and Cherifi, Hocine and Hassouni, Mohammed El},
  journal={Multimedia Tools and Applications},
  volume={77},
  number={20},
  pages={27181--27214},
  year={2018},
  publisher={Springer}
}


@article{pakdaman2017prediction,
  title={A prediction based reversible image watermarking in Hadamard domain},
  author={Pakdaman, Zahra and Saryazdi, Saeid and Nezamabadi-Pour, Hossein},
  journal={Multimedia Tools and Applications},
  volume={76},
  number={6},
  pages={8517--8545},
  year={2017},
  publisher={Springer}
}


@article{goodfellow2014explaining,
  title={Explaining and harnessing adversarial examples},
  author={Goodfellow, Ian J and Shlens, Jonathon and Szegedy, Christian},
  journal={arXiv preprint arXiv:1412.6572},
  year={2014}
}

@article{sharma2019hiding,
  title={Hiding data in images using cryptography and deep neural network},
  author={Sharma, Kartik and Aggarwal, Ashutosh and Singhania, Tanay and Gupta, Deepak and Khanna, Ashish},
  journal={arXiv preprint arXiv:1912.10413},
  year={2019}
}

@article{zhang2021brief,
  title={A brief survey on deep learning based data hiding, steganography and watermarking},
  author={Zhang, Chaoning and Lin, Chenguo and Benz, Philipp and Chen, Kejiang and Zhang, Weiming and Kweon, In So},
  journal={arXiv preprint arXiv:2103.01607},
  year={2021}
}

@article{kandi2017exploring,
  title={Exploring the learning capabilities of convolutional neural networks for robust image watermarking},
  author={Kandi, Haribabu and Mishra, Deepak and Gorthi, Subrahmanyam RK Sai},
  journal={Computers \& Security},
  volume={65},
  pages={247--268},
  year={2017},
  publisher={Elsevier}
}



@article{mun2019finding,
  title={Finding robust domain from attacks: A learning framework for blind watermarking},
  author={Mun, Seung-Min and Nam, Seung-Hun and Jang, Haneol and Kim, Dongkyu and Lee, Heung-Kyu},
  journal={Neurocomputing},
  volume={337},
  pages={191--202},
  year={2019},
  publisher={Elsevier}
}



@inproceedings{wengrowski2019light,
  title={Light field messaging with deep photographic steganography},
  author={Wengrowski, Eric and Dana, Kristin},
  booktitle={Proceedings of the IEEE/CVF Conference on Computer Vision and Pattern Recognition},
  pages={1515--1524},
  year={2019}
}




@article{zhang2019steganogan,
  title={SteganoGAN: high capacity image steganography with GANs},
  author={Zhang, Kevin Alex and Cuesta-Infante, Alfredo and Xu, Lei and Veeramachaneni, Kalyan},
  journal={arXiv preprint arXiv:1901.03892},
  year={2019}
}

@article{duan2019reversible,
  title={Reversible image steganography scheme based on a U-Net structure},
  author={Duan, Xintao and Jia, Kai and Li, Baoxia and Guo, Daidou and Zhang, En and Qin, Chuan},
  journal={IEEE Access},
  volume={7},
  pages={9314--9323},
  year={2019},
  publisher={IEEE}
}










@article{dinh2016density,
  title={Density estimation using real nvp},
  author={Dinh, Laurent and Sohl-Dickstein, Jascha and Bengio, Samy},
  journal={arXiv preprint arXiv:1605.08803},
  year={2016}
}

@article{kingma2018glow,
  title={Glow: Generative flow with invertible 1x1 convolutions},
  author={Kingma, Durk P and Dhariwal, Prafulla},
  journal={Advances in neural information processing systems},
  volume={31},
  year={2018}
}

@inproceedings{van2019reversible,
  title={Reversible gans for memory-efficient image-to-image translation},
  author={van der Ouderaa, Tycho FA and Worrall, Daniel E},
  booktitle={Proceedings of the IEEE/CVF Conference on Computer Vision and Pattern Recognition},
  pages={4720--4728},
  year={2019}
}

@article{ardizzone2019guided,
  title={Guided image generation with conditional invertible neural networks},
  author={Ardizzone, Lynton and L{\"u}th, Carsten and Kruse, Jakob and Rother, Carsten and K{\"o}the, Ullrich},
  journal={arXiv preprint arXiv:1907.02392},
  year={2019}
}



@inproceedings{lugmayr2020srflow,
  title={Srflow: Learning the super-resolution space with normalizing flow},
  author={Lugmayr, Andreas and Danelljan, Martin and Gool, Luc Van and Timofte, Radu},
  booktitle={European conference on computer vision},
  pages={715--732},
  year={2020},
  organization={Springer}
}

@article{wang2020modeling,
  title={Modeling lost information in lossy image compression},
  author={Wang, Yaolong and Xiao, Mingqing and Liu, Chang and Zheng, Shuxin and Liu, Tie-Yan},
  journal={arXiv preprint arXiv:2006.11999},
  year={2020}
}

@inproceedings{liu2021invertible,
  title={Invertible denoising network: A light solution for real noise removal},
  author={Liu, Yang and Qin, Zhenyue and Anwar, Saeed and Ji, Pan and Kim, Dongwoo and Caldwell, Sabrina and Gedeon, Tom},
  booktitle={Proceedings of the IEEE/CVF Conference on Computer Vision and Pattern Recognition},
  pages={13365--13374},
  year={2021}
}

@inproceedings{zhu2017unpaired,
  title={Unpaired image-to-image translation using cycle-consistent adversarial networks},
  author={Zhu, Jun-Yan and Park, Taesung and Isola, Phillip and Efros, Alexei A},
  booktitle={Proceedings of the IEEE international conference on computer vision},
  pages={2223--2232},
  year={2017}
}


@article{song2019mintnet,
  title={Mintnet: Building invertible neural networks with masked convolutions},
  author={Song, Yang and Meng, Chenlin and Ermon, Stefano},
  journal={Advances in Neural Information Processing Systems},
  volume={32},
  year={2019}
}

@article{chen2019residual,
  title={Residual flows for invertible generative modeling},
  author={Chen, Ricky TQ and Behrmann, Jens and Duvenaud, David K and Jacobsen, J{\"o}rn-Henrik},
  journal={Advances in Neural Information Processing Systems},
  year={2019}
}


@article{grathwohl2018ffjord,
  title={Ffjord: Free-form continuous dynamics for scalable reversible generative models},
  author={Grathwohl, Will and Chen, Ricky TQ and Bettencourt, Jesse and Sutskever, Ilya and Duvenaud, David},
  journal={arXiv preprint arXiv:1810.01367},
  year={2018}
}


@article{jacobsen2018revnet,
  title={i-revnet: Deep invertible networks},
  author={Jacobsen, J{\"o}rn-Henrik and Smeulders, Arnold and Oyallon, Edouard},
  journal={arXiv preprint arXiv:1802.07088},
  year={2018}
}

@inproceedings{behrmann2019invertible,
  title={Invertible residual networks},
  author={Behrmann, Jens and Grathwohl, Will and Chen, Ricky TQ and Duvenaud, David and Jacobsen, J{\"o}rn-Henrik},
  booktitle={International Conference on Machine Learning},
  pages={573--582},
  year={2019},
  organization={PMLR}
}


@inproceedings{zhu2019residual,
  title={Residual invertible spatio-temporal network for video super-resolution},
  author={Zhu, Xiaobin and Li, Zhuangzi and Zhang, Xiao-Yu and Li, Changsheng and Liu, Yaqi and Xue, Ziyu},
  booktitle={Proceedings of the AAAI conference on artificial intelligence},
  pages={5981--5988},
  year={2019}
}

@inproceedings{ho2019flow++,
  title={Flow++: Improving flow-based generative models with variational dequantization and architecture design},
  author={Ho, Jonathan and Chen, Xi and Srinivas, Aravind and Duan, Yan and Abbeel, Pieter},
  booktitle={International Conference on Machine Learning},
  pages={2722--2730},
  year={2019},
  organization={PMLR}
}

@inproceedings{pumarola2020c,
  title={C-flow: Conditional generative flow models for images and 3d point clouds},
  author={Pumarola, Albert and Popov, Stefan and Moreno-Noguer, Francesc and Ferrari, Vittorio},
  booktitle={Proceedings of the IEEE/CVF Conference on Computer Vision and Pattern Recognition},
  pages={7949--7958},
  year={2020}
}



@article{wen2019romark,
  title={Romark: A robust watermarking system using adversarial training},
  author={Wen, Bingyang and Aydore, Sergul},
  journal={arXiv preprint arXiv:1910.01221},
  year={2019}
}


@article{hyvarinen1999nonlinear,
  title={Nonlinear independent component analysis: Existence and uniqueness results},
  author={Hyv{\"a}rinen, Aapo and Pajunen, Petteri},
  journal={Neural networks},
  volume={12},
  number={3},
  pages={429--439},
  year={1999},
  publisher={Elsevier}
}



@inproceedings{collobert2011torch7,
  title={Torch7: A matlab-like environment for machine learning},
  author={Collobert, Ronan and Kavukcuoglu, Koray and Farabet, Cl{\'e}ment},
  booktitle={BigLearn, NIPS workshop},
  number={CONF},
  year={2011}
}




