@IEEEtranBSTCTL{IEEEexample:BSTcontrol,
  CTLuse_forced_etal       = "yes",
  CTLmax_names_forced_etal = "3",
  CTLnames_show_etal       = "2" 
}
ï»¿% This file was created with Citavi 6.11.0.0

@incollection{.2021f,
 author = {{Zeng Yihan, Chunwei Wang, Yunbo Wang, Hang Xu, Chaoqiang Ye, Zhen Yang, Chao Ma}},
 title = {Learning Transferable Features for Point Cloud Detection via 3D Contrastive Co-training},
 volume = {34},
 booktitle = {Advances in Neural Information Processing Systems},
 year={2021}
}


@phdthesis{Aeberhard.2017,
 author = {Aeberhard, Michael},
 year = {2017},
 title = {Object-level fusion for surround environment perception in automated driving applications},
 address = {Dortmund},
 publisher = {Faculty of Electrical Engineering and Information Technology},
 school = {{TU Dortmund}}
}


@inproceedings{Bauer.10242020,
 author = {Bauer, Daniel and Kuhnert, Lars and Eckstein, Lutz},
 title = {Deep Inverse Sensor Models as Priors for evidential Occupancy Mapping},
 pages = {6032-3067},
 publisher = {IEEE},
 isbn = {978-1-7281-6212-6},
 booktitle = {2020 IEEE/RSJ International Conference on Intelligent Robots and Systems (IROS)},
 year = {2020}
}


@inproceedings{Bauer.2019b,
 author = {Bauer, Daniel and Kuhnert, Lars and Eckstein, Lutz},
 title = {Deep, spatially coherent Inverse Sensor Models with Uncertainty Incorporation using the evidential Framework},
 pages = {2490--2495},
 isbn = {978-1-7281-0561-1},
 booktitle = {2019 IEEE Intelligent Vehicles Symposium (IV)},
 year = {2019}
}


@electronic{Bauer.2020,
 author = {Bauer, Daniel and Kuhnert, Lars and Eckstein, Lutz},
 year = {2020},
 title = {Deep Inverse Sensor Models as Priors for evidential Occupancy Mapping},
 url = {http://arxiv.org/pdf/2012.02111v1}
}


@inproceedings{Bieder.2020,
 author = {Bieder, Frank and Wirges, Sascha and Janosovits, Johannes and Richter, Sven and Wang, Zheyuan and Stiller, Christoph},
 title = {Exploiting Multi-Layer Grid Maps for Surround-View Semantic Segmentation of Sparse LiDAR Data},
 publisher = {IEEE},
 booktitle = {2020 IEEE Intelligent Vehicles Symposium (IV)},
 year = {2020}
}


@incollection{Buchholz.2020,
 author = {Buchholz, Michael and Gies, Fabian and Danzer, Andreas and Henning, Matti and Hermann, Charlotte and Herzog, Manuel and Horn, Markus and Sch{\"o}n, Markus and Rexin, Nils and Dietmayer, Klaus and Fernandez, Carlos and Janosovits, Johannes and Kamran, Danial and Kinzig, Christian and Lauer, Martin and Molinos, Eduardo and Stiller, Christoph and Ackermann, Stefan and Homolla, Tobias and Winner, Hermann and Gottschalg, Grischa and Leinen, Stefan and Becker, Matthias and Feiler, Johannes and Hoffmann, Simon and Diermeyer, Frank and Lampe, Bastian and Beemelmanns, Till and {van Kempen}, Raphael and Woopen, Timo and Eckstein, Lutz and Voget, Nicolai and Moormann, Dieter and Jatzkowski, Inga and Stolte, Torben and Maurer, Markus and Graf, J{\"u}rgen and von Hin{\"u}ber, Edgar Leuer and Siepenk{\"o}tter, Norbert},
 title = {Automation of the UNICARagil vehicles},
 pages = {1531--1560},
 booktitle = {29th Aachen Colloquium},
 year = {2020}
}


@inproceedings{Caesar.2020,
 author = {Caesar, Holger and Bankiti, Varun and Lang, Alex H. and Vora, Sourabh and Liong, Venice Erin and Xu, Qiang and Krishnan, Anush and Pan, Yu and Baldan, Giancarlo and Beijbom, Oscar},
 title = {nuScenes: A Multimodal Dataset for Autonomous Driving},
 pages = {11618--11628},
 isbn = {9781728171685},
 booktitle = {2020 IEEE/CVF Conference on Computer Vision and Pattern Recognition},
 year = {2020}
}


@electronic{Chollet.2015,
 author = {Chollet, Francois et.al.},
 year = {2015},
 title = {Keras},
 url = {https://keras.io}
}


@inproceedings{Danzer.2019,
 author = {Danzer, Andreas and Griebel, Thomas and Bach, Martin and Dietmayer, Klaus},
 title = {2D Car Detection in Radar Data with PointNets},
 pages = {61--66},
 publisher = {IEEE},
 isbn = {978-1-5386-7024-8},
 booktitle = {2019 IEEE Intelligent Transportation Systems Conference (ITSC)},
 year = {2019}
}


@article{Dempster.1968,
 author = {Dempster, A. P.},
 year = {1968},
 title = {A Generalization of Bayesian Inference},
 pages = {205--232},
 volume = {30},
 number = {2},
 journal = {Journal of the Royal Statistical Society: Series B (Methodological)}
}


@article{Dequaire.2018,
 author = {Dequaire, Julie and Ondr{\'u}{\v{s}}ka, Peter and Rao, Dushyant and Wang, Dominic and Posner, Ingmar},
 year = {2018},
 title = {Deep tracking in the wild: End-to-end tracking using recurrent neural networks},
 pages = {492--512},
 volume = {37},
 number = {4-5},
 journal = {The International Journal of Robotics Research}
}


@article{Elfes.1989,
 author = {Elfes, A.},
 year = {1989},
 title = {Using occupancy grids for mobile robot perception and navigation},
 pages = {46--57},
 volume = {22},
 number = {6},
 journal = {Computer}
}


@inproceedings{Fei.2021b,
 author = {Fei, Juncong and Peng, Kunyu and Heidenreich, Philipp and Bieder, Frank and Stiller, Christoph},
 title = {PillarSegNet: Pillar-based Semantic Grid Map Estimation using Sparse LiDAR Data},
 pages = {838--844},
 isbn = {978-1-7281-5395-7},
 booktitle = {2021 IEEE Intelligent Vehicles Symposium (IV)},
 year = {2021}
}


@inproceedings{Filatov.2020,
 author = {Filatov, Artem and Rykov, Andrey and Murashkin, Viacheslav},
 title = {Any Motion Detector: Learning Class-agnostic Scene Dynamics from a Sequence of LiDAR Point Clouds},
 pages = {9498--9504},
 publisher = {IEEE},
 isbn = {9781728173955},
 booktitle = {2020 IEEE International Conference on Robotics and Automation (ICRA)},
 year = {2020}
}


@book{Jsang.2016,
 author = {J{\o}sang, Audun},
 year = {2016},
 title = {Subjective Logic},
 address = {Cham},
 publisher = {{Springer International Publishing}},
 isbn = {978-3-319-42335-7}
}


@inproceedings{Lampe.2020,
 author = {Lampe, Bastian and {van Kempen}, Raphael and Woopen, Timo and Kampmann, Alexandru and Alrifaee, Bassam and Eckstein, Lutz},
 title = {Reducing Uncertainty by Fusing Dynamic Occupancy Grid Maps in a Cloud-based Collective Environment Model},
 pages = {837--843},
 isbn = {978-1-7281-6673-5},
 booktitle = {2020 IEEE Intelligent Vehicles Symposium (IV)},
 year = {2020}
}


@incollection{Lang.2019b,
 author = {Lang, Alex H. and Vora, Sourabh and Caesar, Holger and Zhou, Lubing and Yang, Jiong and Beijbom, Oscar},
 title = {PointPillars: Fast Encoders for Object Detection From Point Clouds},
 pages = {12689--12697},
 booktitle = {2019 IEEE/CVF Conference on Computer Vision and Pattern Recognition (CVPR)},
 year = {2019}
}


@article{LeCun.2010,
 author = {LeCun, Yann and Cortes, Corinna and Burges, C. J.},
 year = {2010},
 title = {MNIST handwritten digit database},
 volume = {2},
 journal = {ATT Labs [Online]. Available: http://yann.lecun.com/exdb/mnist}
}


@booklet{Lee.03.08.2020,
 author = {Lee, Kuan-Hui and Kliemann, Matthew and Gaidon, Adrien and Li, Jie and Fang, Chao and Pillai, Sudeep and Burgard, Wolfram},
 year = {03.08.2020},
 title = {PillarFlow: End-to-end Birds-eye-view Flow Estimation for Autonomous  Driving}
}


@article{Li.2018,
 author = {Li, Lisha and Jamieson, Kevin and DeSalvo, Giulia and Rostamizadeh, Afshin and Talwalkar, Ameet},
 year = {2018},
 title = {Hyperband: A Novel Bandit-Based Approach to Hyperparameter Optimization}
}


@article{Liu.2020,
 author = {Liu, Rong and Wang, Jinling and Zhang, Bingqi},
 year = {2020},
 title = {High Definition Map for Automated Driving: Overview and Analysis},
 pages = {324--341},
 volume = {73},
 number = {2},
 journal = {Journal of Navigation}
}


@inproceedings{Manivasagam.2020,
 author = {Manivasagam, Sivabalan and Wang, Shenlong and Wong, Kelvin and Zeng, Wenyuan and Sazanovich, Mikita and Tan, Shuhan and Yang, Bin and Ma, Wei Chiu and Urtasun, Raquel},
 title = {LiDARsim: Realistic LiDAR Simulation by Leveraging the Real World},
 pages = {11164--11173},
 isbn = {978-1-7281-7169-2},
 booktitle = {2020 IEEE/CVF Conference on Computer Vision and Pattern Recognition (CVPR)},
 year = {2020}
}


@article{Nuss.2018,
 author = {Nuss, Dominik and Reuter, Stephan and Thom, Markus and Yuan, Ting and Krehl, Gunther and Maile, Michael and Gern, Axel and Dietmayer, Klaus},
 year = {2018},
 title = {A random finite set approach for dynamic occupancy grid maps with real-time application},
 pages = {841--866},
 volume = {37},
 number = {8},
 journal = {The International Journal of Robotics Research}
}


@inproceedings{Nuss.62014,
 author = {Nuss, Dominik and Stuebler, Manuel and Dietmayer, Klaus},
 title = {Consistent environmental modeling by use of occupancy grid maps, digital road maps, and multi-object tracking},
 pages = {1371--1377},
 publisher = {IEEE},
 isbn = {978-1-4799-3638-0},
 booktitle = {2014 IEEE Intelligent Vehicles Symposium Proceedings},
 year = {2014}
}


@inproceedings{Reiher.2020,
 author = {Reiher, Lennart and Lampe, Bastian and Eckstein, Lutz},
 title = {A Sim2Real Deep Learning Approach for the Transformation of Images from Multiple Vehicle-Mounted Cameras to a Semantically Segmented Image in Bird's Eye View},
 pages = {1--7},
 isbn = {978-1-7281-4149-7},
 booktitle = {2020 IEEE 23rd International Conference on Intelligent Transportation Systems (ITSC)},
 year = {2020}
}


@inproceedings{Rexin.27.10.201930.10.2019,
 author = {Rexin, Nils and Musch, Marcel and Dietmayer, Klaus},
 title = {Fusion of Object Tracking and Dynamic Occupancy Grid Map},
 pages = {4121--4127},
 publisher = {IEEE},
 isbn = {978-1-5386-7024-8},
 booktitle = {2019 IEEE Intelligent Transportation Systems Conference (ITSC)},
 year = {2019}
}


@inproceedings{Richter.2020,
 author = {Richter, Sven and Beck, Johannes and Wirges, Sascha and Stiller, Christoph},
 title = {Semantic Evidential Grid Mapping based on Stereo Vision},
 publisher = {IEEE},
 booktitle = {2020 IEEE International Conference on Multisensor Fusion and Integration for Intelligent Systems (MFI)},
 year = {2020}
}


@article{Scholtes.2021,
 author = {Scholtes, Maike and Westhofen, Lukas and Turner, Lara Ruth and Lotto, Katrin and Schuldes, Michael and Weber, Hendrik and Wagener, Nicolas and Neurohr, Christian and Bollmann, Martin Herbert and Kortke, Franziska and Hiller, Johannes and Hoss, Michael and Bock, Julian and Eckstein, Lutz},
 year = {2021},
 title = {6-Layer Model for a Structured Description and Categorization of Urban Traffic and Environment},
 pages = {59131--59147},
 volume = {9},
 journal = {IEEE Access}
}


@inproceedings{Schreiber.2021b,
 author = {Schreiber, Marcel and Belagiannis, Vasileios and Gl{\"a}ser, Claudius and Dietmayer, Klaus},
 title = {Dynamic Occupancy Grid Mapping with Recurrent Neural Networks},
 pages = {6717--6724},
 isbn = {978-1-7281-9078-5},
 booktitle = {2021 IEEE International Conference on Robotics and Automation (ICRA)},
 year = {2021}
}


@inproceedings{Sensoy.2018,
 author = {Sensoy, Murat and Kaplan, Lance and Kandemir, Melih},
 title = {Evidential Deep Learning to Quantify Classification Uncertainty},
 pages = {3179--3189},
 booktitle = {Advances in Neural Information Processing Systems 31 (NeurIPS 2018)},
 year = {2018}
}


@book{Shafer.1976,
 author = {Shafer, Glenn},
 year = {1976},
 title = {A mathematical theory of evidence},
 address = {Princeton, NJ},
 volume = {42},
 publisher = {{Princeton Univ. Press}},
 isbn = {9780691100425},
 series = {Limited paperback editions}
}


@article{Shafer.2016,
 author = {Shafer, Glenn},
 year = {2016},
 title = {Dempster's rule of combination},
 pages = {26--40},
 volume = {79},
 journal = {International Journal of Approximate Reasoning}
}


@article{Shepel.2021,
 author = {Shepel, Ilya and Adeshkin, Vasily and Belkin, Ilya and Yudin, Dmitry A.},
 year = {2021},
 title = {Occupancy Grid Generation With Dynamic Obstacle Segmentation in Stereo Images},
 pages = {1--11},
 journal = {IEEE Transactions on Intelligent Transportation Systems}
}


@inproceedings{Sless.2019,
 author = {Sless, Liat and Shlomo, Bat El and Cohen, Gilad and Oron, Shaul},
 title = {Road Scene Understanding by Occupancy Grid Learning from Sparse Radar Clusters using Semantic Segmentation},
 pages = {867--875},
 isbn = {978-1-7281-5023-9},
 booktitle = {2019 IEEE/CVF International Conference on Computer Vision Workshop (ICCVW)},
 year = {2019}
}


@book{Thrun.2005,
 author = {Thrun, Sebastian and Burgard, Wolfram and Fox, Dieter},
 year = {2005},
 title = {Probabilistic robotics},
 address = {Cambridge, Mass.},
 publisher = {{MIT Press}},
 isbn = {978-0-262-20162-9},
 series = {Intelligent robotics and autonomous agents}
}


@inproceedings{vanKempen.2021b,
 author = {{van Kempen}, Raphael and Lampe, Bastian and Woopen, Timo and Eckstein, Lutz},
 title = {A Simulation-based End-to-End Learning Framework for Evidential Occupancy Grid Mapping},
 pages = {934--939},
 isbn = {978-1-7281-5395-7},
 booktitle = {2021 IEEE Intelligent Vehicles Symposium (IV)},
 year = {2021}
}


@misc{VirtualTestDrive.2022,
 author = {{VIRES Simulationstechnologie GmbH}},
 year = {2022},
 title = {Virtual Test Drive},
 urldate = {22.01.2022},
 URL = {https://vires.mscsoftware.com/}
}


@inproceedings{Wirges.2018,
 author = {Wirges, Sascha and Stiller, Christoph and Hartenbach, Felix},
 title = {Evidential Occupancy Grid Map Augmentation using Deep Learning},
 pages = {668--673},
 publisher = {IEEE},
 isbn = {978-1-5386-4452-2},
 booktitle = {2018 IEEE Intelligent Vehicles Symposium (IV 2018)},
 year = {2018}
}


@inproceedings{Woopen.2018,
 author = {Woopen, Timo and Lampe, Bastian and B{\"o}ddeker, Torben and Eckstein, Lutz and Kampmann, Alexandru and Alrifaee, Bassam and Kowalewski, Stefan and Moormann, Dieter and Stolte, Torben and Jatzkowski, Inga and Maurer, Markus and M{\"o}stl, Mischa and Ernst, Rolf and Ackermann, Stefan and Amersbach, Christian and Leinen, Stefan and Winner, Hermann and P{\"u}llen, Dominik and Katzenbeisser, Stefan and Becker, Matthias and Stiller, Christoph and Furmans, Kai and Bengler, Klaus and Diermeyer, Frank and Lienkamp, Markus and Keilhoff, Dan and Reuss, Hans-Christian and Buchholz, Michael and Dietmayer, Klaus and Lategahn, Henning and Siepenk{\"o}tter, Norbert and Elbs, Martin and {V. Hin{\"u}ber}, Edgar and Dupuis, Marius and Hecker, Christian},
 title = {UNICARagil - Disruptive Modular Architectures for Agile, Automated Vehicle Concepts},
 pages = {663--694},
 booktitle = {27th Aachen Colloquium},
 year = {2018}
}


@inproceedings{Wu.2020,
 author = {Wu, Pengxiang and Chen, Siheng and Metaxas, Dimitris N.},
 title = {MotionNet: Joint Perception and Motion Prediction for Autonomous Driving Based on Bird's Eye View Maps},
 pages = {11382--11392},
 isbn = {9781728171685},
 booktitle = {2020 IEEE/CVF Conference on Computer Vision and Pattern Recognition},
 year = {2020}
}


@inproceedings{YihanZeng.2021,
 author = {{Yihan Zeng} and {Chunwei Wang} and {Yunbo Wang} and {Hang Xu} and {Chaoqiang Ye} and {Zhen Yang} and {Chao Ma}},
 title = {Learning Transferable Features for Point Cloud Detection via 3D Contrastive Co-training},
 editor = {{A. Beygelzimer} and {Y. Dauphin} and {P. Liang} and {J. Wortman Vaughan}},
 booktitle = {Advances in Neural Information Processing Systems},
 year = {2021}
}


@inproceedings{Zhou.2018,
 author = {Zhou, Yin and Tuzel, Oncel},
 title = {VoxelNet: End-to-End Learning for Point Cloud Based 3D Object Detection},
 pages = {4490--4499},
 isbn = {9781538664209},
 booktitle = {2018 IEEE/CVF Conference on Computer Vision and Pattern Recognition},
 year = {2018}
}


