
@article{islam2016power,
  title={Power-domain non-orthogonal multiple access ({NOMA}) in {5G} systems: Potentials and challenges},
  author={Islam, SM Riazul and Avazov, Nurilla and Dobre, Octavia A and Kwak, Kyung-Sup},
  journal={ IEEE Commun. Surveys Tuts},
  volume={19},
  number={2},
  pages={721--742},
  year={2016},
  month={Oct.},
  publisher={IEEE}
}
@article{cai2017modulation,
  title={Modulation and multiple access for {5G} networks},
  author={Cai, Yunlong and Qin, Zhijin and Cui, Fangyu and Li, Geoffrey Ye and McCann, Julie A},
  journal={ IEEE Commun. Surveys Tuts},
  volume={20},
  number={1},
  pages={629--646},
  year={2017},
month={Oct.},
  publisher={IEEE}
}
@ARTICLE{7973146Survey,
  author={Ding, Zhiguo and Lei, Xianfu and Karagiannidis, George K and Schober, Robert and Yuan, Jinhong and Bhargava, Vijay K},
  journal={IEEE J. Sel. Areas Commun., }, 
  title={A Survey on Non-Orthogonal Multiple Access for {5G} Networks: Research Challenges and Future Trends}, 
  year={2017},
  month={Jul.},
  volume={35},
  number={10},
  pages={2181-2195},
  doi={10.1109/JSAC.2017.2725519}}


@article{hoshyar2008novel,
  title={Novel low-density signature for synchronous {CDMA} systems over {AWGN} channel},
  author={Hoshyar, Reza and Wathan, Ferry P and Tafazolli, Rahim},
  journal={IEEE J. Sel. Areas Commun.,},
  volume={56},
  number={4},
  pages={1616--1626},
  year={2008},
  month={Mar.},
  publisher={IEEE}
}


  @article{chen2020design,
  title={On the design of near-optimal sparse code multiple access codebooks},
  author={Chen, Yen-Ming and Chen, Jian-Wei},
  journal={IEEE Trans.   Commun.},
  volume={68},
  number={5},
  pages={2950--2962},
    month={Feb.},
  year={2020},
  publisher={IEEE}
}


  @article{yang2016low,
  title={Low complexity message passing algorithm for {SCMA} system},
  author={Yang, Lin and Liu, Yunyun and Siu, Yunming},
  journal={IEEE Commun. Lett.},
  volume={20},
  number={12},
  pages={2466--2469},
  year={2016},  
  month={Sep.},
  publisher={IEEE}
}

 @article{yu2015optimized,
  title={Design and analysis of {SCMA} codebook based on {S}tar-{QAM} signaling constellations},
  author={Yu, Lisu and Fan, Pingzhi and Cai, Donghong and Ma, Zheng},
  journal={IEEE Trans.   Veh. Technol.},
  volume={67},
  number={11},
  pages={10543--10553},
  year={2018},
    month={Aug.},
  publisher={IEEE}
}
% ------------------------------------------------------------------------
@article{mheich2018design,
  title={Design of {SCMA} codebooks based on golden angle modulation},
  author={Mheich, Zeina and Wen, Lei and Xiao, Pei and Maaref, Amine},
  journal={IEEE Trans.  Veh. Technol.},
  volume={68},
  number={2},
  pages={1501--1509},
  year={2018},
   month={Dec.},
  publisher={IEEE}
}
 
@inproceedings{taherzadeh2014scma,
  title={{SCMA} codebook design},
  author={Taherzadeh, Mahmoud and Nikopour, Hosein and Bayesteh, Alireza and Baligh, Hadi},
  booktitle={Proc. IEEE VTC},
  pages={1--5},
  year={Dec. 2014}, 
  address ={Vancouver, Canada},
  }
  
@inproceedings{nikopour2013sparse,
  title={Sparse code multiple access},
  author={Nikopour, Hosein and Baligh, Hadi},
  booktitle={ Proc.  IEEE PIMRC },
  pages={332--336},
  year={Sep. 2013},
  address = {London, U.K.},
}

@inproceedings{cai2016multi,
  title={Multi-dimensional {SCMA} codebook design based on constellation rotation and interleaving},
  author={Cai, Donghong and Fan, Pingzhi and Lei, Xianfu and Liu, Yingjie and Chen, Dageng},
  booktitle={ Proc. IEEE  VTC  },
  pages={1--5},
  year={2016},
month={Jul.},
address = {Nanjing, China},
}

@inproceedings{klimentyev2017scma,
  title={{SCMA} codebooks optimization based on genetic algorithm},
  author={Klimentyev, Vyacheslav P and Sergienko, Alexander B},
  booktitle={  Proc. 23th European Wireless Conf.},
  pages={1--6},
  year={2017},
 month={Aug.},
 address = {Dresden, Germany},
}

@inproceedings{sharma2018scma,
  title={{SCMA} codebook based on optimization of mutual information and shaping gain},
  author={Sharma, Sanjeev and Deka, Kuntal and Bhatia, Vimal and Gupta, Anubha},
  booktitle={ Proc.  IEEE  GLOBELCOM },
  pages={1--6},
  year={2018},
   month={Aug.},
 address = {Abu Dhabi, United Arab Emirates},
}
@inproceedings{yan2016top,
  title={A top-down {SCMA} codebook design scheme based on lattice theory},
  author={Yan, Haonan and Zhao, Hui and Lv, Zhaobiao and Yang, Haojun},
  booktitle={ Proc.  IEEE   PIMRC},
  pages={1--5},
  year={2016},
   month={Dec.},
 address = {Valencia, Spain},
}


@inproceedings{alam2017designing,
  title={Designing optimum mother constellation and codebooks for {SCMA}},
  author={Alam, Mehmood and Zhang, Qi},
  booktitle={ Proc.    IEEE ICC },
  pages={1--6},
  year={2017},
   month={Jul.},
 address = {Paris, France},
}

@article{vameghestahbanati2019multidimensional,
  title={Multidimensional constellations for uplink {SCMA} systemsâ€”{A} comparative study},
  author={Vameghestahbanati, Monirosharieh and Marsland, Ian D and Gohary, Ramy H and Yanikomeroglu, Halim},
  journal={ IEEE Commun. Surveys Tuts},
  volume={21},
  number={3},
  pages={2169--2194},
  year={2019},
     month={Apr.},
  publisher={IEEE}
}


 

 
@ARTICLE{li2020design,
  author={Li, Xudong and Gao, Zhicheng and Gui, Yiming and Liu, Zilong and Xiao, Pei and Yu, Lisu},
  journal={IEEE Tran.  Veh. Technol.}, 
  title={Design of Power-Imbalanced {SCMA} Codebook}, 
  year={Feb. 2022},
  volume={71},
  number={2},
  pages={2140-2145},
  doi={10.1109/TVT.2021.3132698}}

 

@ARTICLE{huang2021downlink,
  author={Huang, Chinwei and Su, Borching and Lin, Tingyi and Huang, Yenming},
  journal={IEEE Trans.   Veh.  Technol.},
  title={Downlink {SCMA} Codebook Design With Low Error Rate by Maximizing Minimum Euclidean Distance of Superimposed Codewords}, 
  year={Mar. 2022},
  volume={71},
  number={5},
  pages={5231-5245},
  doi={10.1109/TVT.2022.3155627}}

@inproceedings{deka2020design,
  title={Design of {SCMA} codebooks using differential evolution},
  author={Deka, Kuntal and Priyadarsini, Minerva and Sharma, Sanjeev and Beferull-Lozano, Baltasar},
  booktitle={Proc.   IEEE  ICC },
  pages={1--7},
  year={2020},
     month={Jul.},
 address = {Dublin, Ireland},
}
%%%%%%%%%%%%%%%%%%%%%%%%%%%%%%%%%%%%%%%%%%%%%%%%%%%%%%%%%%%%%%%
 @inproceedings{bayesteh2015low,
  title={Low complexity techniques for {SCMA} detection},
  author={Bayesteh, Alireza and Nikopour, Hosein and Taherzadeh, Mahmoud and Baligh, Hadi and Ma, Jianglei},
  booktitle={Proc.  IEEE   GLOBELCOM },
  pages={1--6},
  year={2015},
 month={Feb.},
  address={San Diego, CA, USA}
}

@inproceedings{metkarunchit2017scma,
  title={{SCMA} codebook design base on circular-{QAM}},
  author={Metkarunchit, Triratana},
  booktitle={Proc.  2017 Integ. Commun. Navigation Surveillance Conf.(ICNS)},
  pages={3E1--1},
  year={2017},
   month={Aug.},
  address={Herndon, VA, USA}
}


@article{bao2017bit,
  title={Bit-interleaved coded {SCMA} with iterative multiuser detection: Multidimensional constellations design},
  author={Bao, Jinchen and Ma, Zheng and Xiao, Ming and Tsiftsis, Theodoros A and Zhu, Zhongliang},
  journal={IEEE Trans.   Commun.},
  volume={66},
  number={11},
  pages={5292--5304},
  year={2017},
    month={Dec.},
  publisher={IEEE}
}
%%%%%%%%%%%%%%%%%%%%%%%%%%%%%%%%%%%%%%%%%%%%%%%%%%%%%%


@article{liu2021sparse,
  title={Sparse or dense: A comparative study of code-domain {NOMA} systems},
  author={Liu, Zilong and Yang, Lie-Liang},
  journal={IEEE Trans. Wireless Commun.},
    volume={20},
     number={8},
  pages={ 4768-4780},
  year={Aug. 2021},
  publisher={IEEE}
}

  





%%%%%%%%%%%%%%%%%%%%%%%%%%%%%%%%%%%%%%%%%%%%%%%%%%%%%%%%%%%%%%%%%%%%%%%%%%%%%%%%%%%%%%%%%%%%
@ARTICLE{ChianiNew,
  author={Chiani, M. and Dardari, D. and Simon, M.K.},
  journal={IEEE Trans.   Wireless Commun.}, 
  title={New exponential bounds and approximations for the computation of error probability in fading channels}, 
  year={2003},
  month={Jul.},
  volume={2},
  number={4},
  pages={840-845},
  doi={10.1109/TWC.2003.814350}}
  
  
@ARTICLE{TellamburaEvaluation,
  author={Tellambura, C.},
  journal={IEEE Trans. Commun.}, 
  title={Evaluation of the exact union bound for trellis-coded modulations over fading channels}, 
  year={1996},
    month={Dec.},
  volume={44},
  number={12},
  pages={1693-1699},
  doi={10.1109/26.545899}}
  
  
  @article{boutros1996good,
  title={Good lattice constellations for both {R}ayleigh fading and {G}aussian channels},
  author={Boutros, Joseph and Viterbo, Emanuele and Rastello, Catherine and Belfiore, J-C},
  journal={IEEE Trans.  Inf. Theory},
  volume={42},
  number={2},
  pages={502--518},
  year={1996},
   month={Mar.},
  publisher={IEEE}
}

@article{chiani2003new,
  title={New exponential bounds and approximations for the computation of error probability in fading channels},
  author={Chiani, Marco and Dardari, Davide and Simon, Marvin K},
  journal={IEEE Trans.   Wireless Commun.},
  volume={2},
  number={4},
  pages={840--845},
  year={2003},
   month={Jul.},
  publisher={IEEE}
}

@article{lim2017uplink,
  title={Uplink {SCMA} system with multiple antennas},
  author={Lim, Seung-Chan and Kim, Namshik and Park, Hyuncheol},
  journal={IEEE Trans.  Veh. Techno.},
  volume={66},
  number={8},
  pages={6982--6992},
  year={2017},
    month={Feb.},
  publisher={IEEE}
}

 

@article{xin2003space,
  title={Space-time diversity systems based on linear constellation precoding},
  author={Xin, Yan and Wang, Zhengdao and Giannakis, Georgios B},
  journal={IEEE Trans.   Wireless Commun.},
  volume={2},
  number={2},
  pages={294--309},
  year={2003},
   month={Mar.},
  publisher={IEEE}
}

@article{zeger1990pseudo,
  title={Pseudo-gray coding},
  author={Zeger, Kenneth and Gersho, Allen},
  journal={IEEE Trans. commun.},
  volume={38},
  number={12},
  pages={2147--2158},
  year={1990},
   month={Dec.},
  publisher={IEEE}
}


@ARTICLE{ZhangJoint,
  author={Zhang, Z. and Long, K. and Zhao, M. and Liu, Y.},
  journal={IEEE Trans. Broadcast.}, 
  title={Joint Frame Synchronization and Frequency Offset Estimationin OFDM Systems}, 
  year={Aug. 2005},
  volume={51},
  number={3},
  pages={389-394},
  doi={10.1109/TBC.2005.851702}}
  
  
  @ARTICLE{CoarseKai,
  author={Kai Shi and Serpedin, E.},
  journal={IEEE Trans.  Wireless Commun.}, 
  title={Coarse frame and carrier synchronization of {OFDM} systems: a new metric and comparison}, 
  year={2004},
   month={Jul.},
  volume={3},
  number={4},
  pages={1271-1284},
  doi={10.1109/TWC.2004.828282}}
  
  @article{zhang2005high,
  title={High accuracy frequency offset correction with adjustable acquisition range in {OFDM} systems},
  author={Zhang, Zhongshan and Jiang, Weiyu and Zhou, Haiyan and Liu, Yuanan and Gao, Jinchun},
  journal={IEEE Trans.  Wireless Commun.},
  volume={4},
  number={1},
  pages={228--237},
  year={2005},
  month={Jan.},
  publisher={IEEE}
}

@ARTICLE{6525429,
  author={Serafimovski, Nikola and Younis, Abdelhamid and Mesleh, Raed and Chambers, P. and Di Renzo, Marco and Wang, Cheng-Xiang and Grant, Peter M. and Beach, Mark A. and Haas, Harald},
  journal={IEEE Trans.   Veh. Techn.}, 
  title={Practical Implementation of Spatial Modulation}, 
  year={Jun. 2013},
  volume={62},
  number={9},
  pages={4511-4523},
  doi={10.1109/TVT.2013.2266619}}
  
  @ARTICLE{Zhang6733254,
  author={Zhang, Jiliang and Wang, Yang and Ding, Liqin and Zhang, Naitong},
  journal={IEEE Trans.  Wireless Commun.}, 
  title={Bit Error Probability of Spatial Modulation over Measured Indoor Channels}, 
  year={2014},
   month={Feb.},
  volume={13},
  number={3},
  pages={1380-1387},
  doi={10.1109/TWC.2014.012814.130562}}
  
  @article{savaux2017lmmse,
  title={{LMMSE} channel estimation in {OFDM} context: a review},
  author={Savaux, Vincent and Lou{\"e}t, Yves},
  journal={IET Signal Processing},
  volume={11},
  number={2},
  pages={123--134},
  year={Aug. 2017},
  publisher={IET}
}

 @ARTICLE{Edfors,
  author={Edfors, O. and Sandell, M. and van de Beek, J.-J. and Wilson, S.K. and Borjesson, P.O.},
  journal={IEEE Trans.   Commun.}, 
  title={{OFDM} channel estimation by singular value decomposition}, 
  year={1998},
  month={Jul},
  volume={46},
  number={7},
  pages={931-939},
  doi={10.1109/26.701321}}
  
@ARTICLE{KayhanConstellation,
  author={Kayhan, Farbod and Montorsi, Guido},
  journal={IEEE Trans.  Wireless Commun.}, 
  title={Constellation Design for Memoryless Phase Noise Channels}, 
  year={Apr. 2014},
  volume={13},
  number={5},
  pages={2874-2883},
  doi={10.1109/TWC.2014.040714.130731}}
  
  @ARTICLE{JiangProbabilistic,
  author={Jiang, Chengxin and Wang, Yafeng},
  journal={IEEE Access}, 
  title={An Uplink {SCMA} Codebook Design Combining Probabilistic Shaping and Geometric Shaping}, 
  year={Apr. 2020},
  volume={8},
  number={},
  pages={76726-76736},
  doi={10.1109/ACCESS.2020.2989448}}
  
  
  @ARTICLE{Divsalardesign,
  author={Divsalar, D. and Simon, M.K.},
  journal={IEEE Trans.   Commun.}, 
  title={The design of trellis coded MPSK for fading channels: performance criteria}, 
  year={1988},
   month={Sep.},
  volume={36},
  number={9},
  pages={1004-1012},
  doi={10.1109/26.7512}}
  
   
@misc{huawei, 
  author = {{Altera Innovate Asia website, Presentation}},
  title = {1st {5G} Algorithm Innovation Competition-ENV1.0-{SCMA}},
  url = {  http://www.innovateasia.com/5G/en/gp2.html.}
}
 
 
 
 %%%%%%%%%%%%%%
 
 
 @INPROCEEDINGS{ZhangSparse,
  author={Zhang, Shunqing and Xu, Xiuqiang and Lu, Lei and Wu, Yiqun and He, Gaoning and Chen, Yan},
  booktitle={ Proc.  IEEE  GLOBELCOM }, 
  title={Sparse code multiple access: An energy efficient uplink approach for 5G wireless systems}, 
  year={2014},
  month ={Feb.},
  volume={},
  number={},
  pages={4782-4787},
  address = {Austin, TX, USA},
  }
  
  @ARTICLE{LowYang,
  author={Yang, Lin and Liu, Yunyun and Siu, Yunming},
  journal={IEEE Commun. Lett.}, 
  title={Low Complexity Message Passing Algorithm for {SCMA} System}, 
  year={2016},
    month ={Sep.},
  volume={20},
  number={12},
  pages={2466-2469},
  doi={10.1109/LCOMM.2016.2609382}}
  
  @ARTICLE{FastYang,
  author={Du, Yang and Dong, Binhong and Chen, Zhi and Fang, Jun and Wang, Xianjun},
  journal={IEEE Commun. Lett.},  
  title={A Fast Convergence Multiuser Detection Scheme for Uplink {SCMA} Systems}, 
  year={2016},
    month ={May},
  volume={5},
  number={4},
  pages={388-391},
  doi={10.1109/LWC.2016.2565581}}
  
  
  @ARTICLE{ShuffledYang,
  author={Du, Yang and Dong, Binhong and Chen, Zhi and Fang, Jun and Yang, Lin},
   journal={IEEE Commun. Lett.}, 
  title={Shuffled Multiuser Detection Schemes for Uplink Sparse Code Multiple Access Systems}, 
  year={2016},
      month ={Apr.},
  volume={20},
  number={6},
  pages={1231-1234},
  doi={10.1109/LCOMM.2016.2551742}}
  
  
  @ARTICLE{ImprovedDai,
  author={Dai, Jincheng and Niu, Kai and Dong, Chao and Lin, Jiaru},
  journal={IEEE Trans.    Veh. Techno.}, 
  title={Improved Message Passing Algorithms for Sparse Code Multiple Access}, 
  year={2017},
    month ={Aug},
  volume={66},
  number={11},
  pages={9986-9999},
  doi={10.1109/TVT.2017.2741525}}
  
  @ARTICLE{LowWei,
  author={Wei, Fan and Chen, Wen},
  journal={IEEE Trans. Commun.}, 
  title={Low Complexity Iterative Receiver Design for Sparse Code Multiple Access}, 
  year={2017},
   month ={Nov.},
  volume={65},
  number={2},
  pages={621-634},
  doi={10.1109/TCOMM.2016.2631468}}
  
  @book{stuber1996principles,
  title={Principles of mobile communication},
  author={St{\"u}ber, Gordon L and Steuber, Gordon L},
  volume={2},
  year={1996},
  publisher={Springer}
}
@INPROCEEDINGS{Yu7341311,
  author={Yu, Lisu and Lei, Xianfu and Fan, Pingzhi and Chen, Dageng},
  booktitle={Proc.  WCSP }, 
  title={An optimized design of {SCMA} codebook based on star-QAM signaling constellations}, 
  year={Oct. 2015},
  volume={},
  number={},
  pages={1-5},
    address={Nanjing, China},
  doi={10.1109/WCSP.2015.7341311}}
  
 @ARTICLE{Marsland2019,
  author={Vameghestahbanati, Monirosharieh and Marsland, Ian D. and Gohary, Ramy H. and Yanikomeroglu, Halim},
  journal={IEEE Commun. Surveys   Tuts}, 
  title={Multidimensional Constellations for Uplink {SCMA} Systemsâ€”A Comparative Study}, 
  year={Apr. 2019},
  volume={21},
  number={3},
  pages={2169-2194},
  doi={10.1109/COMST.2019.2910569}}
  
  
  Jul. 2018. [Online]. Available:


   
@misc{5G_NR, 
  author = {{{3GPP TS} 38.212, {R}el. 15  }},
  title = {{5G NR}, Multiplexing and channel coding },
  url = {  https://www.etsi.org/deliver/etsi ts/138200 138299/138212/15.02.00 60/ts 138212v150200p.pdf},
    year={Jul. 2018},
}
 
 
 @ARTICLE{SatelliteSanctis,
  author={De Sanctis, Mauro and Cianca, Ernestina and Araniti, Giuseppe and Bisio, Igor and Prasad, Ramjee},
  journal={IEEE   {I}nternet Things J.}, 
  title={Satellite Communications Supporting {I}nternet of Remote Things}, 
  year={Oct. 2016},
  volume={3},
  number={1},
  pages={113-123},
  doi={10.1109/J{I}o{T}.2015.2487046}}
  
  @ARTICLE{WangJoint,
  author={Wang, Chaoyu and Liu, Liang and Ma, Huadong and Xia, Dan},
  journal={IEEE   {I}nternet Things J.}, 
  title={A Joint Optimization Scheme for Hybrid {MAC} Layer in {LEO} Satellite Supported {I}o{T}}, 
  year={Mar. 2021},
  volume={8},
  number={15},
  pages={11822-11833},
  doi={10.1109/J{I}o{T}.2021.3068525}}
  
  @ARTICLE{SARAInternet,
  author={Moon, Seokjae and Lee, Hyun-Suk and Lee, Jang-Won},
  journal={IEEE   {I}nternet Things J.}, 
  title={{SARA}: Sparse Code Multiple Access-Applied Random Access for {I}o{T} Devices}, 
  year={May 2018},
  volume={5},
  number={4},
  pages={3160-3174},
  doi={10.1109/J{I}o{T}.2018.2835828}}
  
  
  @article{ghasempour2019Internet,
  title={{I}nternet of things in smart grid: Architecture, applications, services, key technologies, and challenges},
  author={Ghasempour, Alireza},
  journal={Inventions},
  volume={4},
  number={1},
  pages={22},
  year={Feb. 2019},
  publisher={Multidisciplinary Digital Publishing Institute}
}

@ARTICLE{ZhuOrthogonal,
  author={Zhu, Xiangming and Jiang, Chunxiao and Kuang, Linling and Ge, Ning and Lu, Jianhua},
  journal={IEEE J.  Sel.  Areas   Commun.}, 
  title={Non-Orthogonal Multiple Access Based Integrated Terrestrial-Satellite Networks}, 
  year={Jul. 2017},
  volume={35},
  number={10},
  pages={2253-2267},
  doi={10.1109/JSAC.2017.2724478}}
  
  @ARTICLE{YanErgodic,
  author={Yan, Xiaojuan and Xiao, Hailin and An, Kang and Zheng, Gan and Chatzinotas, Symeon},
  journal={ IEEE Systems J.}, 
  title={Ergodic Capacity of {NOMA}-Based Uplink Satellite Networks With Randomly Deployed Users}, 
  year={Nov. 2020},
  volume={14},
  number={3},
  pages={3343-3350},
  doi={10.1109/JSYST.2019.2934358}}
  
 @ARTICLE{JiaoSuperimposed,
  author={Jiao, Jian and Zhou, Junliang and Wu, Shaohua and Zhang, Qinyu},
  journal={ IEEE Systems J.}, 
  title={Superimposed Pilot Code-Domain NOMA Scheme for Satellite-Based {I}nternet of Things}, 
  year={Nov. 2021},
  volume={15},
  number={2},
  pages={2732-2743},
  doi={10.1109/JSYST.2020.3032749}}
  
 @inproceedings{gui2021scma,
  title={{SCMA} Secure Communication Scheme for Satellite System Based on Distance Spectrum},
  author={Gui, Yiheng and Zhu, Lidong and Liu, Jixuan},
  booktitle={Proc. IEEE WCNC},
  pages={1--6},
  year={2021},
   address = {Nanjing, China},
  organization={IEEE}
}

@article{li2019asynchronous,
  title={Asynchronous flipped grant-free {SCMA} for satellite-based {I}nternet of Things communication networks},
  author={Li, Pengxu and Cui, Gaofeng and Wang, Weidong},
  journal={Applied Sciences},
  volume={9},
  number={2},
  pages={335},
  year={Jan. 2019},
  publisher={Multidisciplinary Digital Publishing Institute}
}

@ARTICLE{SparseMoon,
  author={Moon, Seokjae and Lee, Hyun-Suk and Lee, Jang-Won},
  journal={IEEE {I}nternet   Things J. }, 
  title={{SARA}: Sparse Code Multiple Access-Applied Random Access for {I}o{T} Devices}, 
  year={May 2018},
  volume={5},
  number={4},
  pages={3160-3174},
  doi={10.1109/J{I}o{T}.2018.2835828}}
  
  @ARTICLE{JointMiuccio,
  author={Miuccio, Luciano and Panno, Daniela and Riolo, Salvatore},
  journal={IEEE {I}nternet   Things J. }, 
  title={Joint Control of Random Access and Dynamic Uplink Resource Dimensioning for Massive {MTC} in {5G NR} Based on {SCMA}}, 
  year={Feb. 2020},
  volume={7},
  number={6},
  pages={5042-5063},
  doi={10.1109/J{I}o{T}.2020.2974402}}
  
  @ARTICLE{ShirvanimoghaddamFundamental,
  author={Shirvanimoghaddam, Mahyar and Condoluci, Massimo and Dohler, Mischa and Johnson, Sarah J.},
  journal={IEEE J.  Sel. Areas   Commun.}, 
  title={On the Fundamental Limits of Random Non-Orthogonal Multiple Access in Cellular Massive {I}o{T}}, 
  year={Jul. 2017},
  volume={35},
  number={10},
  pages={2238-2252},
  doi={10.1109/JSAC.2017.2724442}}
  
  @ARTICLE{AnalyzingLai,
  author={Lai, Ke and Lei, Jing and Deng, Yansha and Wen, Lei and Chen, Gaojie and Liu, Wei},
  journal={IEEE {I}nternet   Things J. }, 
  title={Analyzing Uplink Grant-free Sparse Code Multiple Access System in Massive {I}o{T} Networks}, 
  year={Sep.  2021},
  volume={},
  number={},
  pages={1-1},
  doi={10.1109/J{I}o{T}.2021.3109912}}
  
  @ARTICLE{Zhang,
  author={Zhang, Xuewan and Zhang, Dalong and Yang, Liuqing and Han, Gangtao and Chen, Hsiao-Hwa and Zhang, Di},
  journal={IEEE Trans.   Wireless Commun.}, 
  title={{SCMA} Codebook Design Based on Uniquely Decomposable Constellation Groups}, 
  year={Mar. 2021},
  volume={20},
  number={8},
  pages={4828-4842},
  doi={10.1109/TWC.2021.3062613}}
  
  @misc{5G_NR_s_iot,
    author = { {{3GPP TS}  	38.811, {R}el. 15  }  },
  title = {{5G NR}, Study on New Radio {(NR)} to support non-terrestrial networks },  
    url = {https://www.3gpp.org/ftp/Specs/archive/38series/38.811},
    year={Jul. 2018},
}

@article{lutz1991land,
  title={The land mobile satellite communication channel-recording, statistics, and channel model},
  author={Lutz, Erich and Cygan, Daniel and Dippold, Michael and Dolainsky, Frank and Papke, Wolfgang},
  journal={IEEE Trans.  Veh.  Technol.},
  volume={40},
  number={2},
  pages={375--386},
  year={May 1991},
  publisher={IEEE}
}

@article{vucetic1992channel,
  title={Channel modeling and simulation in satellite mobile communication systems},
  author={Vucetic, Branca and Du, Jun},
  journal={IEEE J.   Sel. Areas   Commun.},
  volume={10},
  number={8},
  pages={1209--1218},
  year={Oct. 1992},
  publisher={IEEE}
}

  @article{luo2022novel,
  title={A Novel Multi-Task Learning Empowered Codebook Design for Downlink {SCMA} Networks},
  author={Luo, Qu and Liu, Zilong and Chen, Gaojie and Ma, Yi and Xiao, Pei},
  journal={IEEE Wireless Commun.  Lett.},
  year={2022},
  publisher={IEEE}
}

@article{luo2021error,
  title={An Error Rate Comparison of Power Domain Non-Orthogonal Multiple Access and Sparse Code Multiple Access},
  author={Luo, Qu and others},
   journal={IEEE Open J. Commun. Soc.},
  volume={2},
  number={4},
  pages={500--511},
  year={Mar. 2021},
  publisher={IEEE}
}

@article{larsson2017golden,
  title={Golden angle modulation},
  author={Larsson, Peter},
  journal={IEEE Wireless Commun.  Lett.},
  volume={7},
  number={1},
  pages={98--101},
  year={May 2017},
  publisher={IEEE}
  }
@article{chai2022improved,
  title={An Improved {EPA} based Receiver Design for Uplink {LDPC} Coded {SCMA} System},
  author={Chai, Lingyun and Liu, Zilong and Xiao, Pei and Maaref, Amine and Bai, Lin},
  journal={IEEE Wireless Commun. Lett.},
  year={Mar. 2022},
  publisher={IEEE}
}

 

@ARTICLE{SparseYu,
  author={Yu, Lisu and Liu, Zilong and Wen, Miaowen and Cai, Donghong and Dang, Shuping and Wang, Yuhao and Xiao, Pei},
  journal={IEEE    Commun. Stand. Mag.}, 
  title={Sparse Code Multiple Access for {6G} Wireless Communication Networks: Recent Advances and Future Directions}, 
  year={Jun. 2021},
  volume={5},
  number={2},
  pages={92-99},
  doi={10.1109/MCOMSTD.001.2000049}}
  
  @ARTICLE{PerturbedDeng,
  author={Deng, Li and Liu, Zilong and Guan, Yong Liang and Liu, Xiaobei and Aslam, Chaudhry Adnan and Yu, Xiaoxi and Shi, Zhiping},
  journal={IEEE Trans.   Commun.}, 
  title={Perturbed Adaptive Belief Propagation Decoding for High-Density Parity-Check Codes}, 
  year={Apr. 2021},
  volume={69},
  number={4},
  pages={2065-2079},
  doi={10.1109/TCOMM.2020.3047085}}
  
  
  @ARTICLE{YueOutage,
  author={Yue, Xinwei and Liu, Yuanwei and Yao, Yuanyuan and Li, Tian and Li, Xuehua and Liu, Rongke and Nallanathan, Arumugam},
  journal={IEEE Trans.   Vehicular Techno.}, 
  title={Outage Behaviors of {NOMA}-Based Satellite Network Over Shadowed-{R}ician Fading Channels}, 
  year={Jun.  2020},
  volume={69},
  number={6},
  pages={6818-6821},
  doi={10.1109/TVT.2020.2988026}}
  
  @ARTICLE{YanPerformance,
  author={Yan, Xiaojuan and Xiao, Hailin and Wang, Cheng-Xiang and An, Kang and Chronopoulos, Anthony Theodore and Zheng, Gan},
  journal={IEEE Access}, 
  title={Performance Analysis of NOMA-Based Land Mobile Satellite Networks}, 
  year={Jun. 2018},
  volume={6},
  number={},
  pages={31327-31339},
  doi={10.1109/ACCESS.2018.2844783}}
  
  @ARTICLE{NonPerez,
  author={Perez-Neira, Ana I. and Caus, Marius and Vazquez, Miguel Angel},
  journal={IEEE Commun. Magazine}, 
  title={Non-Orthogonal Transmission Techniques for Multibeam Satellite Systems}, 
  year={Dec. 2019},
  volume={57},
  number={12},
  pages={58-63},
  doi={10.1109/MCOM.001.1900249}}
  
  
  @ARTICLE{JointZhao,
  author={Zhao, Bo and Ren, Guangliang and Dong, Xiaodai},
  journal={IEEE Trans.    Veh. Techno.}, 
  title={Joint {NOMA} Clustering and Power Allocation in IoRT-Oriented Satellite Terrestrial Relay Networks}, 
  year={2022},
  volume={},
  number={},
  pages={1-11},
  doi={10.1109/TVT.2022.3186037}}
  
  
  @ARTICLE{MirboloukRelay,
  author={Mirbolouk, Sedighe and Valizadeh, Morteza and Amirani, Mehdi Chehel and Ali, Samad},
  journal={IEEE Trans.   Veh. Techno.}, 
  title={Relay Selection and Power Allocation for Energy Efficiency Maximization in Hybrid Satellite-{UAV} Networks With {C}o{MP}-{NOMA} Transmission}, 
  year={May 2022},
  volume={71},
  number={5},
  pages={5087-5100},
  doi={10.1109/TVT.2022.3152048}}
  
  
  @ARTICLE{TubianaLearning,
  author={Tubiana, Douglas Alisson and Farhat, Jamil and Brante, Glauber and Souza, Richard Demo},
  journal={IEEE Wireless Commun.  Lett.}, 
  title={Q-Learning {NOMA} Random Access for {I}o{T}-Satellite Terrestrial Relay Networks}, 
  year={Apr. 2022},
  volume={},
  number={},
  pages={1-1},
  doi={10.1109/LWC.2022.3169109}}
  
  
  @ARTICLE{MaNovel,
  author={Ma, Yihua and Yuan, Zhifeng and Li, Weimin and Li, Zhigang},
  journal={IEEE Internet   Things J.}, 
  title={Novel Solutions to {NOMA}-Based Modern Random Access for {6G}-Enabled {I}o{T}}, 
  year={Apr. 2021},
  volume={8},
  number={20},
  pages={15382-15395},
  doi={10.1109/JIOT.2021.3073367}}
  
  
  
  @INPROCEEDINGS{ZhangComplexity,
  author={Zhang, Jiayi and He, Qingli and Yu, Zhongyang and Bai, Baoming and Zhu, Min},
  booktitle={2019 IEEE GLOBECOM }, 
  title={Low-Complexity Coherent Iterative Receiver for {SCMA}-Based {LEO} Satellite Communications}, 
  year={2019},
  volume={},
  number={},
  pages={1-6},
  doi={10.1109/GLOBECOM38437.2019.9014189}}
  
  
  @ARTICLE{WangIterative,
  author={Wang, Jiawei and Jiang, Chunxiao and Kuang, Linling},
  journal={IEEE J.   Sel.  Areas   Commun.}, 
  title={Iterative {NOMA} Detection for Multiple Access in Satellite High-Mobility Communications}, 
  year={Apr. 2022},
  volume={40},
  number={4},
  pages={1101-1113},
  doi={10.1109/JSAC.2022.3143254}}
  
  
  @article{YE2022215,
title = {Help from space: grant-free massive access for satellite-based {I}o{T} in the {6G} era},
journal = {Digital Communications and Networks},
volume = {8},
number = {2},
pages = {215-224},
year = {2022},
issn = {2352-8648},
doi = {https://doi.org/10.1016/j.dcan.2021.07.008},
url = {https://www.sciencedirect.com/science/article/pii/S2352864821000493},
author = {Neng Ye and Jihong Yu and Aihua Wang and Rongrong Zhang},
}


@inproceedings{liu2020scma,
  title={{SCMA} Multiple Access Technology in Satellite {I}nternet of Things System},
  author={Liu, Ruiran and Su, Yanyong},
  booktitle={International Conference in Communications, Signal Processing, and Systems},
  pages={1312--1315},
  year={2020},
  organization={Springer}
}


@ARTICLE{AchievingZeng,
  author={Zeng, Jie and Lv, Tiejun and Lin, Zhipeng and Liu, Ren Ping and Mei, Jiajia and Ni, Wei and Guo, Y. Jay},
  journal={IEEE Internet   Things J.}, 
  title={Achieving Ultrareliable and Low-Latency Communications in {I}o{T} by {FD-SCMA}}, 
  year={Oct. 2020},
  volume={7},
  number={1},
  pages={363-378},
  doi={10.1109/JIOT.2019.2948281}}
  
  
  @ARTICLE{JiaLow,
  author={Jia, Min and Wang, Linfang and Guo, Qing and Gu, Xuemai and Xiang, Wei},
  journal={IEEE Internet   Things J.}, 
  title={A Low Complexity Detection Algorithm for Fixed Up-Link {SCMA} System in Mission Critical Scenario}, 
  year={Oct. 2018},
  volume={5},
  number={5},
  pages={3289-3297},
  doi={10.1109/JIOT.2017.2696028}}
  
  
  @ARTICLE{PanGrant,
  author={Pan, Zhipeng and Lei, Jing and Liu, Wei and Luo, Junshan and Tang, Chaojing},
  journal={IEEE Access}, 
  title={Grant-Free Rateless {SCMA} for Cellular {I}nternet of Things Networks}, 
  year={2019},
  volume={7},
  number={},
  pages={147954-147961},
  doi={10.1109/ACCESS.2019.2946605}}
  
  @ARTICLE{FuqahaCommun,
  author={Al-Fuqaha, Ala and Guizani, Mohsen and Mohammadi, Mehdi and Aledhari, Mohammed and Ayyash, Moussa},
  journal={IEEE Commun. Surveys \& Tut. }, 
  title={Internet of Things: A Survey on Enabling Technologies, Protocols, and Applications}, 
  year={June. 2015},
  volume={17},
  number={4},
  pages={2347-2376},
  doi={10.1109/COMST.2015.2444095}}
  
  
  @ARTICLE{ZhangPerformance,
  author={Zhang, Jiayi and Fan, Jingyi and Zhang, Jing and Ng, Derrick Wing Kwan and Sun, Qiang and Ai, Bo},
  journal={IEEE Internet   Things J.}, 
  title={Performance Analysis and Optimization of NOMA-Based Cell-Free Massive {MIMO} for {I}o{T}}, 
  year={2022},
  volume={9},
  number={12},
  pages={9625-9639},
  doi={10.1109/JIOT.2021.3130026}}
  
  
  @ARTICLE{YuCost,
  author={Yu, Guanghua and Chen, Xiaoming and Ng, Derrick Wing Kwan},
  journal={IEEE Trans.    Commun.}, 
  title={Low-Cost Design of Massive Access for Cellular Internet of Things}, 
  year={2019},
  volume={67},
  number={11},
  pages={8008-8020},
  doi={10.1109/TCOMM.2019.2933208}}
  
  
  @ARTICLE{ErnestNOMA,
  author={Ernest, Tan Zheng Hui and Madhukumar, A S and Sirigina, Rajendra Prasad and Krishna, Anoop Kumar},
  journal={IEEE Trans.   Signal Processing}, 
  title={{NOMA}-Aided {UAV} Communications over Correlated Rician Shadowed Fading Channels}, 
  year={May 2020},
  volume={68},
  number={},
  pages={3103-3116},
  doi={10.1109/TSP.2020.2994781}}
  
  
  @ARTICLE{WangTrajectory,
  author={Wang, Yang and Gao, Zhen and Zhang, Jun and Cao, Xianbin and Zheng, Dezhi and Gao, Yue and Ng, Derrick Wing Kwan and Renzo, Marco Di},
  journal={IEEE Internet   Things J.}, 
  title={Trajectory Design for {UAV}-Based Internet of Things Data Collection: A Deep Reinforcement Learning Approach}, 
  year={Feb. 2022},
  volume={9},
  number={5},
  pages={3899-3912},
  doi={10.1109/JIOT.2021.3102185}}
  
  @ARTICLE{LiuSCMA,
  author={Liu, Pengtao and An, Kang and Lei, Jing and Zheng, Gan and Sun, Yifu and Liu, Wei},
  journal={IEEE {I}nternet   Things J.}, 
  title={{SCMA-}Based Multiaccess Edge Computing in {I}o{T} Systems: An Energy-Efficiency and Latency Tradeoff}, 
  year={Feb. 2022},
  volume={9},
  number={7},
  pages={4849-4862},
  doi={10.1109/JIOT.2021.3105658}}
  
  
  @ARTICLE{ZhangUser,
  author={Zhang, Zhaoji and Li, Ying and Huang, Chongwen and Guo, Qinghua and Liu, Lei and Yuen, Chau and Guan, Yong Liang},
  journal={IEEE Internet  Things J.}, 
  title={User Activity Detection and Channel Estimation for Grant-Free Random Access in {LEO} Satellite-Enabled Internet of Things}, 
  year={Sep. 2020},
  volume={7},
  number={9},
  pages={8811-8825},
  doi={10.1109/JIOT.2020.2997336}}
  
  
  @ARTICLE{BoutrosSignal,
  author={Boutros, J. and Viterbo, E.},
  journal={IEEE Trans.   Inf.  Theory}, 
  title={Signal space diversity: a power- and bandwidth-efficient diversity technique for the Rayleigh fading channel}, 
  year={Jul. 1998},
  volume={44},
  number={4},
  pages={1453-1467},
  doi={10.1109/18.681321}}
  
  
  @ARTICLE{WenDesigning,
  author={Wen, Haifeng and Liu, Zilong and Luo, Qu and Shi, Chuang and Xiao, Pei},
  journal={IEEE Wireless Commun. Lett.}, 
  title={Designing Enhanced Multi-dimensional Constellations for Code-Domain {NOMA}}, 
  year={Jul. 2022},
  volume={},
  number={},
  pages={1-1},
  doi={10.1109/LWC.2022.3194604}}
  
  
  @ARTICLE{HahmOperating,
  author={Hahm, Oliver and Baccelli, Emmanuel and Petersen, Hauke and Tsiftes, Nicolas},
  journal={IEEE Internet   Things J.}, 
  title={Operating Systems for Low-End Devices in the {I}nternet of Things: A Survey}, 
  year={Dec. 2016},
  volume={3},
  number={5},
  pages={720-734},
  doi={10.1109/JIOT.2015.2505901}}