@article{biau2020theoretical,
      title={Some Theoretical Insights into Wasserstein GANs}, 
      author={GÃ©rard Biau and Maxime Sangnier and Ugo Tanielian},
      year={2020},
      eprint={2006.02682},
      archivePrefix={arXiv},
      primaryClass={cs.LG},
      url={https://arxiv.org/abs/2006.02682}
}

@article{smith2020conditional,
      title={Conditional GAN for timeseries generation}, 
      author={Kaleb E Smith and Anthony O Smith},
      year={2020},
      eprint={2006.16477},
      archivePrefix={arXiv},
      primaryClass={cs.LG}
}

@article{haas2020statistical,
      title={Statistical analysis of Wasserstein GANs with applications to time series forecasting}, 
      author={Moritz Haas and Stefan Richter},
      year={2020},
      eprint={2011.03074},
      archivePrefix={arXiv},
      primaryClass={math.ST},
      url={https://arxiv.org/abs/2011.03074}
}

@inproceedings{goodfellow2014generative,
  title={Generative Adversarial Nets},
  author={Goodfellow, Ian and Pouget-Abadie, Jean and Mirza, Mehdi and Xu, Bing and Warde-Farley, David and Ozair, Sherjil and Courville, Aaron and Bengio, Yoshua},
  booktitle={Advances in neural information processing systems},
  pages={2672--2680},
  year={2014}
}

@article{arjovsky2017wasserstein,
  title={Wasserstein GAN},
  author={Arjovsky, Martin and Chintala, Soumith and Bottou, L{\'e}on},
  journal={arXiv preprint 1701.07875},
  year={2017},
  url={https://arxiv.org/abs/1701.07875}
}

% wavenet
@article{oord2016wavenet,
    title={WaveNet: A Generative Model for Raw Audio},
    author={Aaron van den Oord and Sander Dieleman and Heiga Zen and Karen Simonyan and Oriol Vinyals and Alex Graves and Nal Kalchbrenner and Andrew Senior and Koray Kavukcuoglu},
    year={2016},
    journal={arXiv preprint 1609.03499},
    url={https://arxiv.org/abs/1609.03499}
}

% dcgan
@article{radford2015unsupervised,
  title={Unsupervised representation learning with deep convolutional generative adversarial networks},
  author={Radford, Alec and Metz, Luke and Chintala, Soumith},
  journal={arXiv preprint 1511.06434},
  url={https://arxiv.org/abs/1511.06434},
  year={2015}
}


@article{athey2019using,
  title={Using Wasserstein Generative Adversarial Networks for the Design of Monte Carlo Simulations},
  author={Athey, Susan and Imbens, Guido W and Metzger, Jonas and Munro, Evan M},
  year={2019},
  journal={arXiv preprint 1909.02210},
  url={https://arxiv.org/abs/1909.02210}
}


@techreport{kaji2018deepinf,
  title={Deep Inference: Artificial Intelligence for Structural Estimation},
  author={Kaji, Tetsuya and Manresa, Elena and Pouliot, Guillaume},
  year={2018},
  url={https://events.barcelonagse.eu/live/files/2773-elenamanresa66433pdf}
}

%quantgan
@article{wiese2020quantgan,
	Author = {Wiese, Magnus and Knobloch, Robert and Korn, Ralf and Kretschmer, Peter},
	Journal = {Quantitative Finance},
	Month = {04},
	Pages = {1--22},
	Title = {Quant GANs: deep generation of financial time series},
	Year = {2020}
}

% dilation and receptive field
@article{yu2015multiscale,
    title={Multi-Scale Context Aggregation by Dilated Convolutions},
    author={Fisher Yu and Vladlen Koltun},
    year={2015},
    journal={arXiv preprint 1511.07122},
    url={https://arxiv.org/abs/1511.07122}
}

@book{goodfellow2016deep,
  title={Deep learning},
  author={Goodfellow, Ian and Bengio, Yoshua and Courville, Aaron},
  year={2016},
  publisher={MIT press}
}

@article{hornik1990universal,
  title={Universal approximation of an unknown mapping and its derivatives using multilayer feedforward networks},
  author={Hornik, Kurt and Stinchcombe, Maxwell and White, Halbert},
  journal={Neural networks},
  volume={3},
  number={5},
  pages={551--560},
  year={1990},
  publisher={Elsevier}
}

% tcn time series
@article{sen2019think,
    title={Think Globally, Act Locally: A Deep Neural Network Approach to High-Dimensional Time Series Forecasting},
    author={Rajat Sen and Hsiang-Fu Yu and Inderjit Dhillon},
    year={2019},
    journal={arXiv preprint 1905.03806},
    url={https://arxiv.org/abs/1905.03806}
}

@article{borovykh2017conditional,
    title={Conditional Time Series Forecasting with Convolutional Neural Networks},
    author={Anastasia Borovykh and Sander Bohte and Cornelis W. Oosterlee},
    year={2017},
    journal={arXiv preprint 1703.04691},
    url={https://arxiv.org/abs/1703.04691}
}

%leakyrelu
@inproceedings{maas2013rectifier,
  title={Rectifier nonlinearities improve neural network acoustic models},
  author={Maas, Andrew L and Hannun, Awni Y and Ng, Andrew Y},
  booktitle={Proc. icml.},
  year={2013},
  volume={30},
  number={1}
}

@inproceedings{gulrajani2017improved,
  title={Improved training of Wasserstein GANs},
  author={Gulrajani, Ishaan and Ahmed, Faruk and Arjovsky, Martin and Dumoulin, Vincent and Courville, Aaron C},
  booktitle={Advances in neural information processing systems},
  pages={5767--5777},
  year={2017}
}


% dependent wild bootstrap
@article{shao2010wild,
	Author = {Shao, Xiaofeng},
	Journal = {Journal of the American Statistical Association},
	Month = {03},
	Number = {489},
	Pages = {218--235},
	Title = {The Dependent Wild Bootstrap},
	Volume = {105},
	Year = {2010}
}


% tapered
@article{politis2001tapered,
 author = {Efstathios Paparoditis and Dimitris N. Politis},
 journal = {Biometrika},
 number = {4},
 pages = {1105--1119},
 publisher = {[Oxford University Press, Biometrika Trust]},
 title = {Tapered Block Bootstrap},
 volume = {88},
 year = {2001}
}

% automatic block length selection
@article{politis2004automaticblock,
	Author = {Dimitris N. Politis and Halbert White},
	Journal = {Econometric Reviews},
	Number = {1},
	Pages = {53-70},
	Publisher = {Taylor & Francis},
	Title = {Automatic Block-Length Selection for the Dependent Bootstrap},
	Volume = {23},
	Year = {2004},
}


% moving block
@article{liu1992moving,
  title={Moving blocks jackknife and bootstrap capture weak dependence},
  author={Liu, Regina Y and Singh, Kesar and others},
  journal={Exploring the limits of bootstrap},
  volume={225},
  pages={248},
  year={1992}
}

@article{kunsch1989jackknife,
  title={The jackknife and the bootstrap for general stationary observations},
  author={Kunsch, Hans R},
  journal={The annals of Statistics},
  pages={1217--1241},
  year={1989},
  publisher={JSTOR}
}

% circular
@article{politis1992circular,
  title={A circular block-resampling procedure for stationary data},
  author={Politis, Dimitris N and Romano, Joseph P},
  journal={Exploring the limits of bootstrap},
  volume={2635270},
  year={1992},
  publisher={Wiley, New York}
}

@article{politis1994sb,
	Author = {Dimitris N. Politis and Joseph P. Romano},
	Journal = {Journal of the American Statistical Association},
	Number = {428},
	Pages = {1303-1313},
	Publisher = {Taylor & Francis},
	Title = {The Stationary Bootstrap},
	Volume = {89},
	Year = {1994}
}


@article{hall1995blocking,
  title={On blocking rules for the bootstrap with dependent data},
  author={Hall, Peter and Horowitz, Joel L and Jing, Bing-Yi},
  journal={Biometrika},
  volume={82},
  number={3},
  pages={561--574},
  year={1995},
  publisher={Oxford University Press}
}

@article{lahiri1999theoretical,
  title={Theoretical comparisons of block bootstrap methods},
  author={Lahiri, Soumendra N},
  journal={Annals of Statistics},
  pages={386--404},
  year={1999},
  publisher={JSTOR}
}

@article{esteban2017real,
  title={Real-valued (medical) time series generation with recurrent conditional GANs},
  author={Hyland, Stephanie L and Esteban, Crist{\'o}bal and R{\"a}tsch, Gunnar},
  journal={arXiv preprint 1706.02633},
  year={2017},
  url={https://arxiv.org/abs/1706.02633}
}

@article{heusel2017fid,
  author    = {Martin Heusel and
               Hubert Ramsauer and
               Thomas Unterthiner and
               Bernhard Nessler and
               G{\"{u}}nter Klambauer and
               Sepp Hochreiter},
  title     = {GANs Trained by a Two Time-Scale Update Rule Converge to a Nash Equilibrium},
  journal   = {CoRR},
  volume    = {abs/1706.08500},
  year      = {2017},
  url       = {http://arxiv.org/abs/1706.08500}
}

@article{salimans2016inceptionscore,
  author    = {Tim Salimans and
               Ian J. Goodfellow and
               Wojciech Zaremba and
               Vicki Cheung and
               Alec Radford and
               Xi Chen},
  title     = {Improved Techniques for Training GANs},
  journal   = {CoRR},
  volume    = {abs/1606.03498},
  year      = {2016},
  url       = {http://arxiv.org/abs/1606.03498}
}

@article{efron1987bca,
 author = {Bradley Efron},
 journal = {Journal of the American Statistical Association},
 number = {397},
 pages = {171--185},
 publisher = {[American Statistical Association, Taylor & Francis, Ltd.]},
 title = {Better Bootstrap Confidence Intervals},
 volume = {82},
 year = {1987}
}

@article{efron1981percentile,
 author = {Bradley Efron},
 journal = {The Canadian Journal of Statistics / La Revue Canadienne de Statistique},
 number = {2},
 pages = {139--158},
 publisher = {[Statistical Society of Canada, Wiley]},
 title = {Nonparametric Standard Errors and Confidence Intervals},
 volume = {9},
 year = {1981}
}

@article{kingma2014adam,
  title={Adam: A method for stochastic optimization},
  author={Kingma, Diederik P and Ba, Jimmy},
  journal={arXiv preprint 1412.6980},
  url={https://arxiv.org/abs/1412.6980},
  year={2014}
}

@article{biau2018theoretical,
    title={Some Theoretical Properties of GANs},
    author={G. Biau and B. Cadre and M. Sangnier and U. Tanielian},
    journal={arXiv preprint 1803.07819 (forthcoming in Annals of Statistics)},
    year={2018},
    url={https://arxiv.org/abs/1803.07819}
}

@article{Sheppard2020,
    title={bashtage/arch: Release 4.15 (Version 4.15).},
    author={Kevin Sheppard},
    journal={Zenodo},
    year={2020},
    url={https://doi.org/10.5281/zenodo.593254}
}
