@article{tian2017impacts,
  title={Impacts of state-led and bottom-up urbanization on land use change in the peri-urban areas of Shanghai: Planned growth or uncontrolled sprawl?},
  author={Tian, Li and Ge, Biqing and Li, Yongfu},
  journal={Cities},
  volume={60},
  pages={476--486},
  year={2017},
  publisher={Elsevier}
}

@inproceedings{villanueva2013civitas,
  title={Civitas: The smart city middleware, from sensors to big data},
  author={Villanueva, Felix J and Santofimia, Maria J and Villa, David and Barba, Jesus and Lopez, Juan Carlos},
  booktitle={2013 Seventh International Conference on Innovative Mobile and Internet Services in Ubiquitous Computing},
  pages={445--450},
  year={2013},
  organization={IEEE}
}
@inproceedings{su2011smart,
  title={Smart city and the applications},
  author={Su, Kehua and Li, Jie and Fu, Hongbo},
  booktitle={2011 international conference on electronics, communications and control (ICECC)},
  pages={1028--1031},
  year={2011},
  organization={IEEE}
}

@inproceedings{barcelona,
  title={Estimating Smart City sensors data generation},
  author={Sinaeepourfard, Amir and Garcia, Jordi and Masip-Bruin, Xavier and Mar{\'\i}n-Tordera, Eva and Cirera, Jordi and Grau, Gl{\`o}ria and Casaus, Francesc},
  booktitle={2016 Mediterranean Ad Hoc Networking Workshop (Med-Hoc-Net)},
  pages={1--8},
  year={2016},
  organization={IEEE}
}

@misc{ascii, title={American {S}tandard {C}ode for {I}nformation {I}nterchange, note={\url{https://en.wikipedia.org/wiki/ASCII}}}}

@misc{rabbitisnice, title={RabbitMQ {H}its {O}ne {M}illion {M}essages {P}er {S}econd on {G}oogle {C}ompute {E}ngine, note={\url{https://content.pivotal.io/blog/rabbitmq-hits-one-million-messages-per-second-on-google-compute-engine}}}}


@misc{docker, title={Docker: {A} {C}ontainerisation tool, note={\url{https://www.docker.com/}}}}

@misc{esri, title={{S}ensors for {S}mart {C}ities}, note={\url{https://www.esri.in/esri-news/publication/vol9-issue1/articles/sensors-for-smart-cities}}}

@misc{iudx, title={{IUDX}: {T}he {I}ndian {U}rban {D}ata {E}xchange}, note={\url{https://iudx.org.in}}}

@misc{vermillion, title={{V}ermillion: {A} {H}igh {P}erformance {S}calable {IoT} {M}iddleware for {S}mart {C}ities}, note={\url{https://github.com/rbccps-iisc/iudx-resource-server}}}

@misc{eventloop, title={A gentle guide to asynchronous programming with {E}clipse {V}ert.x for {J}ava developers}, note={\url{https://vertx.io/docs/guide-for-java-devs/}}}

@misc{vertx, title={Eclipse {V}ertx: {A} {T}oolkit for building reactive applications on the {JVM}}, note={\url{https://vertx.io}}}

@misc{rabbit, title={RabbitMQ- {M}essaging that just works}, note={\url{https://www.rabbitmq.com}}}

@misc{postgres, title={{PostgreSQL}: The world's most advanced open source database}, note={\url{https://www.postgresql.org}}}

@misc{elastic, title={Open {S}ource {S}earch and {A}nalytics - {E}lasticsearch}, note={\url{https://www.elastic.co}}}

@misc{mongo, title={MongoDB: The database for modern applications}, note={\url{https://www.mongodb.com/}}}

@misc{ansible, title={Ansible: {S}imple {IT} {A}utomation and {O}rchestration}, note={\url{https://www.ansible.com}}}

@misc{techempower, title={{TechEmpower} - {W}eb {F}ramework {B}enchmarks}, note={\url{https://www.techempower.com/benchmarks/}}}

@misc{cloudamqp, title={13 {C}ommon {RabbitMQ} {M}istakes and {H}ow to {A}void {T}hem}, note={\url{https://www.cloudamqp.com/blog/2018-01-19-part4-rabbitmq-13-common-errors.html}}}

@misc{erlang, title={The {E}rlang {P}rogramming {L}anguage}, note={\url{https://www.erlang.org}}}

@inproceedings{ionescu2015analysis,
  title={The analysis of the performance of RabbitMQ and ActiveMQ},
  author={Ionescu, Valeriu Manuel},
  booktitle={2015 14th RoEduNet International Conference-Networking in Education and Research (RoEduNet NER)},
  pages={132--137},
  year={2015},
  organization={IEEE}
}
@misc{hiperabbit, title={High Performance Erlang Configuration- RabbitMQ}, note={\url{https://www.rabbitmq.com/configure.html#config-items}}}

@misc{tsung, title={Tsung- High performance benchmark framework}, note={\url{https://github.com/processone/tsung}}}


@article{ray2016survey,
  title={{A} {S}urvey of {I}o{T} {C}loud {P}latforms},
  author={Ray, Partha Pratim},
  journal={Future Computing and Informatics Journal},
  volume={1},
  number={1-2},
  pages={35--46},
  year={2016},
  publisher={Elsevier}
}

@article{farahzadi2018middleware,
  title={Middleware technologies for cloud of things: a survey},
  author={Farahzadi, Amirhossein and Shams, Pooyan and Rezazadeh, Javad and Farahbakhsh, Reza},
  journal={Digital Communications and Networks},
  volume={4},
  number={3},
  pages={176--188},
  year={2018},
  publisher={Elsevier}
}

@inproceedings{zhiliang2011soa,
  title={A SOA based IOT communication middleware},
  author={Zhiliang, Wang and Yi, Yang and Lu, Wang and Wei, Wang},
  booktitle={2011 International Conference on Mechatronic Science, Electric Engineering and Computer (MEC)},
  pages={2555--2558},
  year={2011},
  organization={IEEE}
}

@article{da2018performance,
  title={Performance evaluation of IoT middleware},
  author={da Cruz, Mauro AA and Rodrigues, Joel JPC and Sangaiah, Arun Kumar and Al-Muhtadi, Jalal and Korotaev, Valery},
  journal={Journal of Network and Computer Applications},
  volume={109},
  pages={53--65},
  year={2018},
  publisher={Elsevier}
}

@inproceedings{cardoso2017benchmarking,
  title={Benchmarking IoT middleware platforms},
  author={Cardoso, Jo{\~a}o and Pereira, Carlos and Aguiar, Ana and Morla, Ricardo},
  booktitle={2017 IEEE 18th International Symposium on A World of Wireless, Mobile and Multimedia Networks (WoWMoM)},
  pages={1--7},
  year={2017},
  organization={IEEE}
}

@inproceedings{kanter2012mediasense,
  title={Mediasense--an internet of things platform for scalable and decentralized context sharing and control},
  author={Kanter, Theo and Forsstr{\"o}m, Stefan and Kardeby, Victor and Walters, Jamie and Jennehag, Ulf and {\"O}sterberg, Patrik},
  booktitle={Proceedings of 7th IARIA International Conference on Digital Telecommunications (ICDT), 2012},
  year={2012},
  organization={Citeseer}
}

@inproceedings{vandikas2014performance,
  title={Performance evaluation of an IoT platform},
  author={Vandikas, Konstantinos and Tsiatsis, Vlasios},
  booktitle={2014 Eighth International Conference on Next Generation Mobile Apps, Services and Technologies},
  pages={141--146},
  year={2014},
  organization={IEEE}
}

@inproceedings{rostanski2014evaluation,
  title={Evaluation of highly available and fault-tolerant middleware clustered architectures using RabbitMQ},
  author={Rostanski, Maciej and Grochla, Krzysztof and Seman, Aleksander},
  booktitle={2014 federated conference on computer science and information systems},
  pages={879--884},
  year={2014},
  organization={IEEE}
}

