
@article{stoyanov2012surgical,
  title={Surgical vision},
  author={Stoyanov, Danail},
  journal={Annals of biomedical engineering},
  volume={40},
  number={2},
  pages={332--345},
  year={2012},
  publisher={Springer}
}
@article{lawrentschuk2010laparoscopic,
  title={Laparoscopic lens fogging: a review of etiology and methods to maintain a clear visual field},
  author={Lawrentschuk, Nathan and Fleshner, Neil E and Bolton, Damien M},
  journal={Journal of endourology},
  volume={24},
  number={6},
  pages={905--913},
  year={2010},
  publisher={Mary Ann Liebert, Inc. 140 Huguenot Street, 3rd Floor New Rochelle, NY 10801 USA}
}
@article{wang2018variational,
  title={Variational based smoke removal in laparoscopic images},
  author={Wang, Congcong and Cheikh, Faouzi Alaya and Kaaniche, Mounir and Beghdadi, Azeddine and Elle, Ole Jacob},
  journal={Biomedical engineering online},
  volume={17},
  number={1},
  pages={139},
  year={2018},
  publisher={BioMed Central}
}
@inproceedings{goodfellow2014generative,
  title={Generative adversarial nets},
  author={Goodfellow, Ian and Pouget-Abadie, Jean and Mirza, Mehdi and Xu, Bing and Warde-Farley, David and Ozair, Sherjil and Courville, Aaron and Bengio, Yoshua},
  booktitle={Advances in Neural Information Processing Systems (NIPS)},
  pages={2672--2680},
  year={2014}
}
@article{isola2017image,
  title={Image-to-image translation with conditional adversarial networks},
  author={Isola, Phillip and Zhu, Jun-Yan and Zhou, Tinghui and Efros, Alexei A},
  journal={arXiv preprint},
  year={2017}
}
@article{wang2018video,
  title={Video-to-video synthesis},
  author={Wang, Ting-Chun and Liu, Ming-Yu and Zhu, Jun-Yan and Liu, Guilin and Tao, Andrew and Kautz, Jan and Catanzaro, Bryan},
  journal={arXiv preprint arXiv:1808.06601},
  year={2018}
}
@article{luc2016semantic,
  title={Semantic segmentation using adversarial networks},
  author={Luc, Pauline and Couprie, Camille and Chintala, Soumith and Verbeek, Jakob},
  journal={arXiv preprint arXiv:1611.08408},
  year={2016}
}
@article{iizuka2017globally,
  title={Globally and locally consistent image completion},
  author={Iizuka, Satoshi and Simo-Serra, Edgar and Ishikawa, Hiroshi},
  journal={ACM Transactions on Graphics (TOG)},
  volume={36},
  number={4},
  pages={107},
  year={2017},
  publisher={ACM}
}
@inproceedings{ledig2017photo,
  title={Photo-Realistic Single Image Super-Resolution Using a Generative Adversarial Network.},
  author={Ledig, Christian and Theis, Lucas and Husz{\'a}r, Ferenc and Caballero, Jose and Cunningham, Andrew and Acosta, Alejandro and Aitken, Andrew P and Tejani, Alykhan and Totz, Johannes and Wang, Zehan and others},
  booktitle={International
Conference on Computer Vision and Pattern Recognition (CVPR)},
  volume={2},
  number={3},
  pages={4},
  year={2017},
  publisher={IEEE}
}
@article{bharath2018single,
  title={Single Image Haze Removal using a Generative Adversarial Network},
  author={Bharath Raj, N and Venkateswaran, N},
  journal={arXiv preprint arXiv:1810.09479},
  year={2018}
}
@article{li2018single,
  title={Single Image Dehazing via Conditional Generative Adversarial Network},
  author={Li, Runde and Pan, Jinshan and Li, Zechao and Tang, Jinhui},
  journal={methods},
  volume={3},
  pages={24},
  year={2018}
}
@article{du2018perceptually,
  title={Perceptually Optimized Generative Adversarial Network for Single Image Dehazing},
  author={Du, Yixin and Li, Xin},
  journal={arXiv preprint arXiv:1805.01084},
  year={2018}
}

@inproceedings{ronneberger2015u,
  title={U-net: Convolutional networks for biomedical image segmentation},
  author={Ronneberger, Olaf and Fischer, Philipp and Brox, Thomas},
  booktitle={International Conference on Medical image computing and computer-assisted intervention (MICCAI)},
  pages={234--241},
  year={2015},
  organization={Springer}
}
@article{wang2018perceptual,
  title={Perceptual adversarial networks for image-to-image transformation},
  author={Wang, Chaoyue and Xu, Chang and Wang, Chaohui and Tao, Dacheng},
  journal={IEEE Transactions on Image Processing},
  volume={27},
  number={8},
  pages={4066--4079},
  year={2018},
  publisher={IEEE}
}
@article{wang2017high,
  title={High-resolution image synthesis and semantic manipulation with conditional gans},
  author={Wang, Ting-Chun and Liu, Ming-Yu and Zhu, Jun-Yan and Tao, Andrew and Kautz, Jan and Catanzaro, Bryan},
  journal={arXiv preprint arXiv:1711.11585},
  year={2017}
}
@inproceedings{johnson2016perceptual,
  title={Perceptual losses for real-time style transfer and super-resolution},
  author={Johnson, Justin and Alahi, Alexandre and Fei-Fei, Li},
  booktitle={European Conference on Computer Vision (ECCV)},
  pages={694--711},
  year={2016},
  organization={Springer}
}
@article{zhu2017unpaired,
  title={Unpaired image-to-image translation using cycle-consistent adversarial networks},
  author={Zhu, Jun-Yan and Park, Taesung and Isola, Phillip and Efros, Alexei A},
  journal={arXiv preprint},
  year={2017}
}
@article{kim2017learning,
  title={Learning to discover cross-domain relations with generative adversarial networks},
  author={Kim, Taeksoo and Cha, Moonsu and Kim, Hyunsoo and Lee, Jung Kwon and Kim, Jiwon},
  journal={arXiv preprint arXiv:1703.05192},
  year={2017}
}
@inproceedings{liu2017unsupervised,
  title={Unsupervised image-to-image translation networks},
  author={Liu, Ming-Yu and Breuel, Thomas and Kautz, Jan},
  booktitle={Advances in Neural Information Processing Systems (NIPS)},
  pages={700--708},
  year={2017}
}
@article{wang2004image,
  title={Image quality assessment: from error visibility to structural similarity},
  author={Wang, Zhou and Bovik, Alan C and Sheikh, Hamid R and Simoncelli, Eero P},
  journal={IEEE transactions on image processing},
  volume={13},
  number={4},
  pages={600--612},
  year={2004},
  publisher={IEEE}
}
@inproceedings{zhang2012comprehensive,
  title={A comprehensive evaluation of full reference image quality assessment algorithms},
  author={Zhang, Lin and Zhang, Lei and Mou, Xuanqin and Zhang, David},
  booktitle={International Conference on Image Processing (ICIP)},
  pages={1477--1480},
  year={2012},
  organization={IEEE}
}
@article{ye2017self,
  title={Self-supervised siamese learning on stereo image pairs for depth estimation in robotic surgery},
  author={Ye, Menglong and Johns, Edward and Handa, Ankur and Zhang, Lin and Pratt, Philip and Yang, Guang-Zhong},
  journal={arXiv preprint arXiv:1705.08260},
  year={2017}
}
@Misc{Hamlyn,
	howpublished = {\url{http://hamlyn.doc.ic.ac.uk/vision/}},
	note = {Accessed: 2017-10},
	title = {Hamlyn Centre Laparoscopic / Endoscopic Video Datasets},
	author = {Imperial College London}
}
@inproceedings{wang2019multiscale,
	title={Multiscale deep desmoking for laparoscopic surgery},
	author={Wang, Congcong and Mohammed, Ahmed Kedir and Alaya Cheikh, Faouzi  and Beghdadi, Azeddine and Elle, Ole Jakob},
	booktitle={Medical Imaging: Image processing},
	volume={},
	pages={},
	year={2019},
	organization={International Society for Optics and Photonics}
}
@inproceedings{kotwal2016joint,
	title={Joint desmoking and denoising of laparoscopy images},
	author={Kotwal, A. and Bhalodia, R. and Awate, S. P.},
	booktitle={International Symposium on Biomedical Imaging (ISBI)},
	pages={1050--1054},
	year={2016},
	organization={IEEE}
}
@inproceedings{baid2017joint,
	title={Joint desmoking, specularity removal, and denoising of laparoscopy images via graphical models and Bayesian inference},
	author={Baid, A. and Kotwal, A. and Bhalodia, R. and Merchant, S. N. and Awate, S. P.},
	booktitle={International Symposium on Biomedical Imaging (ISBI)},
	pages={732--736},
	year={2017},
	organization={IEEE}
}
@inproceedings{tchakaa2017chromaticity,
	title={Chromaticity based smoke removal in endoscopic images},
	author={Tchakaa, K. and Pawara, V. M. and Stoyanova, D.},
	booktitle={Proc. of SPIE Vol},
	volume={10133},
	pages={101331M--1},
	year={2017}
}
@article{luo2017vision,
	title={Vision-Based Surgical Field Defogging},
	author={Luo, Xiongbiao and McLeod, A Jonathan and Pautler, Stephen E and Schlachta, Christopher M and Peters, Terry M},
	journal={IEEE transactions on medical imaging},
	volume={36},
	number={10},
	pages={2021--2030},
	year={2017},
	publisher={IEEE}
}
@article{narasimhan2002vision,
	title={Vision and the atmosphere},
	author={ Narasimhan, S. G. and Nayar, S. K. },
	journal={International Journal of Computer Vision},
	volume={48},
	number={3},
	pages={233--254},
	year={2002},
	publisher={Springer}
}
@article{he2011single,
	title={Single image haze removal using dark channel prior},
	author={He, K. and Sun, J. and Tang, X.},
	journal={IEEE transactions on pattern analysis and machine intelligence},
	volume={33},
	number={12},
	pages={2341--2353},
	year={2011},
	publisher={IEEE}
}
@inproceedings{sabri2018,
	title={Deep Smoke Removal From Minimally Invasive Surgery Videos},
	author={Bolkar, Sabri and Wang, Congcong and Alaya Cheikh, Faouzi  and Yildirim, Sule },
	booktitle={International Conference on Image Processing (ICIP)},
	year={2018},
	organization={IEEE}
}
@inproceedings{li2017aod,
	title={Aod-net: All-in-one dehazing network},
	author={Li, Boyi and Peng, Xiulian and Wang, Zhangyang and Xu, Jizheng and Feng, Dan},
	booktitle={ International Conference on Computer Vision (ICCV)},
	pages={4770--4778},
	year={2017}
}
@inproceedings{chen2018unsupervised,
	title={Unsupervised Learning of Surgical Smoke Removal from Simulation},
	author={Chen, L.  and Wen, T.  and John, N.W.},
	booktitle={Hamlyn Symposium on Medical Robotics},
	year={2018},
	organization={Imperial College London}
}
@inproceedings{dosovitskiy2016generating,
  title={Generating images with perceptual similarity metrics based on deep networks},
  author={Dosovitskiy, Alexey and Brox, Thomas},
  booktitle={Advances in Neural Information Processing Systems (NIPS)},
  pages={658--666},
  year={2016}
}
@inproceedings{snell2017learning,
  title={Learning to generate images with perceptual similarity metrics},
  author={Snell, Jake and Ridgeway, Karl and Liao, Renjie and Roads, Brett D and Mozer, Michael C and Zemel, Richard S},
  booktitle={International Conference on Image Processing (ICIP)},
  pages={4277--4281},
  year={2017},
  organization={IEEE}
}
@article{zhao2017loss,
  title={Loss functions for image restoration with neural networks},
  author={Zhao, Hang and Gallo, Orazio and Frosio, Iuri and Kautz, Jan},
  journal={IEEE Transactions on Computational Imaging},
  volume={3},
  number={1},
  pages={47--57},
  year={2017},
  publisher={IEEE}
}
@article{odena2016deconvolution,
  title={Deconvolution and checkerboard artifacts},
  author={Odena, Augustus and Dumoulin, Vincent and Olah, Chris},
  journal={Distill},
  volume={1},
  number={10},
  pages={e3},
  year={2016}
}
@inproceedings{qu2017deshadownet,
  title={Deshadownet: A multi-context embedding deep network for shadow removal},
  author={Qu, Liangqiong and Tian, Jiandong and He, Shengfeng and Tang, Yandong and Lau, Rynson WH},
  booktitle={International Conference on Computer Vision and Pattern Recognition (CVPR)},
  volume={1},
  number={2},
  pages={3},
  year={2017}
}
@article{galdran2015enhanced,
  title={Enhanced variational image dehazing},
  author={Galdran, Adrian and Vazquez-Corral, Javier and Pardo, David and Bertalmio, Marcelo},
  journal={SIAM Journal on Imaging Sciences},
  volume={8},
  number={3},
  pages={1519--1546},
  year={2015},
  publisher={SIAM}
}
@article{doi:10.1002/col.1049,
author = {Luo, M. R. and Cui, G. and Rigg, B.},
title = {The development of the CIE 2000 colour-difference formula: CIEDE2000},
journal = {Color Research \& Application},
volume = {26},
number = {5},
pages = {340-350},
keywords = {color difference metrics, CIE, CIELAB, CIE94, CIEDE2000, BFP, CMC, LCD},
doi = {10.1002/col.1049},
url = {https://onlinelibrary.wiley.com/doi/abs/10.1002/col.1049},
eprint = {https://onlinelibrary.wiley.com/doi/pdf/10.1002/col.1049},
year = {2001}
}

@inproceedings{andrea2018validation,
  title={Validation of stereo vision based liver surface reconstruction for image guided surgery},
  author={Andrea, Teatini and Congcong, Wang and Rafael, Palomar and Faouzi, Alaya Cheikh and Azeddine, Beghdadi and Bj{\o}rn, Edwin and Jakob, Elle Ole},
  booktitle={Colour and Visual Computing Symposium (CVCS)},
  pages={1--6},
  year={2018},
  organization={IEEE}
}
@inproceedings{wang2018liver,
  title={Liver surface reconstruction for image guided surgery},
  author={Wang, Congcong and Cheikh, Faouzi Alaya and Kaaniche, Mounir and Elle, Ole Jakob},
  booktitle={Medical Imaging: Image-Guided Procedures, Robotic Interventions, and Modeling},
  volume={10576},
  pages={105762H},
  year={2018},
  organization={International Society for Optics and Photonics}
}