% Use this file for citations not found in the ACL Anthology (contained in "anthology.bib").

@book{Aho:72,
    author  = {Alfred V. Aho and Jeffrey D. Ullman},
    title   = {The Theory of Parsing, Translation and Compiling},
    year    = "1972",
    volume  = "1",
    publisher = {Prentice-Hall},
    address = {Englewood Cliffs, NJ}
}

@article{mu2020identifying,
  title={Identifying Twitter users who repost unreliable news sources with linguistic information},
  author={Mu, Yida and Aletras, Nikolaos},
  journal={PeerJ Computer Science},
  volume={6},
  pages={e325},
  year={2020},
  publisher={PeerJ Inc.}
}

@book{rose1993parody,
  title={Parody: ancient, modern and post-modern},
  author={Rose, Margaret A},
  year={1993},
  publisher={Cambridge University Press}
}

@article{davis2018seriously,
  title={Seriously funny: The political work of humor on social media},
  author={Davis, Jenny L and Love, Tony P and Killen, Gemma},
  journal={New Media \& Society},
  volume={20},
  number={10},
  pages={3898--3916},
  year={2018},
  publisher={Sage Publications Sage UK: London, England}
}

@book{APA:83,
    author  = {{American Psychological Association}},
    title   = {Publications Manual},
    year    = "1983",
    publisher = {American Psychological Association},
    address = {Washington, DC}
}

@article{Chandra:81,
	author = {Ashok K. Chandra and Dexter C. Kozen and Larry J. Stockmeyer},
	year = "1981",
	title = {Alternation},
	journal = {Journal of the Association for Computing Machinery},
	volume = "28",
	number = "1",
	pages = "114--133",
	doi = "10.1145/322234.322243",
}

@inproceedings{andrew2007scalable,
  title={Scalable training of {L1}-regularized log-linear models},
  author={Andrew, Galen and Gao, Jianfeng},
  booktitle={Proceedings of the 24th International Conference on Machine Learning},
  pages={33--40},
  year={2007},
}

@book{Gusfield:97,
    author  = {Dan Gusfield},
    title   = {Algorithms on Strings, Trees and Sequences},
    year    = "1997",
    publisher = {Cambridge University Press},
    address = {Cambridge, UK}
}

@article{rasooli-tetrault-2015,
    author    = {Mohammad Sadegh Rasooli and Joel R. Tetreault},
    title     = {Yara Parser: {A} Fast and Accurate Dependency Parser},
    journal   = {Computing Research Repository},
    volume    = {arXiv:1503.06733},
    year      = {2015},
    url       = {http://arxiv.org/abs/1503.06733},
    note    = {version 2}
}

@article{Ando2005,
	Acmid = {1194905},
	Author = {Ando, Rie Kubota and Zhang, Tong},
	Issn = {1532-4435},
	Issue_Date = {12/1/2005},
	Journal = {Journal of Machine Learning Research},
	Month = dec,
	Numpages = {37},
	Pages = {1817--1853},
	Publisher = {JMLR.org},
	Title = {A Framework for Learning Predictive Structures from Multiple Tasks and Unlabeled Data},
	Volume = {6},
	Year = {2005}
}

@article{sun2020finetune,
      title={How to Fine-Tune BERT for Text Classification?}, 
      author={Chi Sun and Xipeng Qiu and Yige Xu and Xuanjing Huang},
      year={2020},
      note={\emph{arXiv:1905.05583}},
}

@article{liu2019roberta,
  title={Roberta: A robustly optimized bert pretraining approach},
  author={Liu, Yinhan and Ott, Myle and Goyal, Naman and Du, Jingfei and Joshi, Mandar and Chen, Danqi and Levy, Omer and Lewis, Mike and Zettlemoyer, Luke and Stoyanov, Veselin},
  journal={arXiv preprint arXiv:1907.11692},
  year={2019}
}

@inproceedings{NIPS2017_3f5ee243,
 author = {Vaswani, Ashish and Shazeer, Noam and Parmar, Niki and Uszkoreit, Jakob and Jones, Llion and Gomez, Aidan N and Kaiser, \L ukasz and Polosukhin, Illia},
 booktitle = {Advances in Neural Information Processing Systems},
 editor = {I. Guyon and U. V. Luxburg and S. Bengio and H. Wallach and R. Fergus and S. Vishwanathan and R. Garnett},
 pages = {},
 publisher = {Curran Associates, Inc.},
 title = {Attention is All you Need},
 url = {https://proceedings.neurips.cc/paper/2017/file/3f5ee243547dee91fbd053c1c4a845aa-Paper.pdf},
 volume = {30},
 year = {2017}
}


@book{sperber1984verbal,
  title={Verbal Irony: Pretense or Echoic Mention?},
  author={Sperber, Dan},
  year={1984},
  publisher={American Psychological Association}
}

@article{wilson2006pragmatics,
  title={The pragmatics of verbal irony: Echo or pretence?},
  author={Wilson, Deirdre},
  journal={Lingua},
  volume={116},
  number={10},
  pages={1722--1743},
  year={2006},
  publisher={Elsevier}
}

@article{dynel2014isn,
  title={{Isn't it ironic? Defining the scope of humorous irony}},
  author={Dynel, Marta},
  journal={Humor},
  volume={27},
  number={4},
  pages={619--639},
  year={2014}
}

@article{fowler2021political,
  title={Political advertising online and offline},
  author={Fowler, Erika Franklin and Franz, Michael M and Martin, Gregory J and Peskowitz, Zachary and Ridout, Travis N},
  journal={American Political Science Review},
  volume={115},
  number={1},
  pages={130--149},
  year={2021},
  publisher={Cambridge University Press}
}

@article{TweetReporting,
author={Vis, Farida},
title={Twitter as a reporting tool for breaking news: Journalists tweeting the 2011 UK riots},
journal = {Digit. J.},
volume = {1},
number = {1},
pages = {27--47},
year  = {2013},
publisher = {Routledge},
doi = {10.1080/21670811.2012.741316},
URL = {https://doi.org/10.1080/21670811.2012.741316}
}

@article{annamoradnejad2020colbert,
  title={Colbert: Using bert sentence embedding for humor detection},
  author={Annamoradnejad, Issa and Zoghi, Gohar},
  journal={arXiv preprint arXiv:2004.12765},
  year={2020}
}




@article{Rajadesingan2015SarcasmDO,
  title={Sarcasm Detection on Twitter: A Behavioral Modeling Approach},
  author={Ashwin Rajadesingan and Reza Zafarani and Huan Liu},
  journal={Proceedings of the Eighth ACM International Conference on Web Search and Data Mining},
  year={2015}
}

@article{gibbs2007irony,
  title={Irony in Talk Among Friends},
  author={Gibbs Jr, Raymond W},
  journal={Irony in Language and Thought: A Cognitive Science Reader},
  pages={339},
  year={2007},
  publisher={Psychology Press}
}

@inproceedings{katz2001comprehending,
  title={Comprehending the sarcastic comments of males and females},
  author={Katz, A and Piasecka, I and Toplak, M},
  booktitle={Poster presented at the 42nd annual meeting of the Psychonomic Society, Orlando, FL},
  year={2001}
}

@article{oprea2020effect,
  title={The effect of sociocultural variables on sarcasm communication online},
  author={Oprea, Silviu Vlad and Magdy, Walid},
  journal={Proceedings of the ACM on Human-Computer Interaction},
  volume={4},
  number={CSCW1},
  pages={1--22},
  year={2020},
  publisher={ACM New York, NY, USA}
}

@article{8107520,
  author={Li, Zhizhong and Hoiem, Derek},
  journal={IEEE Transactions on Pattern Analysis and Machine Intelligence}, 
  title={Learning without Forgetting}, 
  year={2018},
  volume={40},
  number={12},
  pages={2935-2947},
  doi={10.1109/TPAMI.2017.2773081}}
  
@article{Sun_Wang_Li_Feng_Tian_Wu_Wang_2020, 
  title={ERNIE 2.0: A Continual Pre-Training Framework for Language Understanding}, 
  volume={34}, 
  url={https://ojs.aaai.org/index.php/AAAI/article/view/6428}, 
  DOI={10.1609/aaai.v34i05.6428}, 
  number={05}, 
  journal={Proceedings of the AAAI Conference on Artificial Intelligence}, 
  author={Sun, Yu and Wang, Shuohuan and Li, Yukun and Feng, Shikun and Tian, Hao and Wu, Hua and Wang, Haifeng}, year={2020}, month={Apr.}, pages={8968-8975}}
  
@article{Parody_Humor,
  author = {Tim Highfield},
  title ={News via Voldemort: Parody accounts in topical discussions on Twitter},
  journal = {New Media Soc.},
  volume = {18},
  number = {9},
  pages = {2028-2045},
  year = {2016},
  doi = {10.1177/1461444815576703},
  URL = {https://doi.org/10.1177/1461444815576703}
}

@book{haiman1998talk,
  title={Talk is cheap: Sarcasm, alienation, and the evolution of language},
  author={Haiman, John and others},
  year={1998},
  publisher={Oxford University Press on Demand}
}

@article{Parody_Sarcasm,
  title = {Parody social media accounts: Influence and impact on organizations during crisis},
  journal = {Public Relat. Rev.},
  volume = {41},
  number = {3},
  pages = {381-385},
  year = {2015},
  issn = {0363-8111},
  url = {https://www.sciencedirect.com/science/article/pii/S0363811115000041},
  author={Wan, Sarah and Koh, Regina and Ong, Andrew and Pang, Augustine},
}

@article{anderson2017social,
  title={Social media, science, and attack discourse: How Twitter discussions of climate change use sarcasm and incivility},
  author={Anderson, Ashley A and Huntington, Heidi E},
  journal={Science Communication},
  volume={39},
  number={5},
  pages={598--620},
  year={2017},
  publisher={SAGE Publications Sage CA: Los Angeles, CA}
}

@article{1400851,
  author={Taylor, J.M. and Mazlack, L.J.},
  booktitle={2004 IEEE International Conference on Systems, Man and Cybernetics (IEEE Cat. No.04CH37583)}, 
  title={Humorous wordplay recognition}, 
  year={2004},
  volume={4},
  number={},
  pages={3306-3311 vol.4},
  doi={10.1109/ICSMC.2004.1400851}}
  



@article{hetzron1991structure,
  title={On the structure of punchlines},
  author={Hetzron, Robert},
  year={1991},
  publisher={Walter de Gruyter, Berlin/New York Berlin, New York}
}

@article{Caruana93multitasklearning:,
    author = {Richard Caruana},
    title = {Multitask Learning: A Knowledge-Based Source of Inductive Bias},
    booktitle = {Proceedings of the Tenth International Conference on Machine Learning},
    year = {1993},
    pages = {41--48},
    publisher = {Morgan Kaufmann}
}