@article{zeng2021comprehensive,
  title={A comprehensive survey of entity alignment for knowledge graphs},
  author={Zeng, Kaisheng and Li, Chengjiang and Hou, Lei and Li, Juanzi and Feng, Ling},
  journal={AI Open},
  volume={2},
  pages={1--13},
  year={2021},
  publisher={Elsevier}
}

@article{Xie2020SelfTrainingWN,
  title={Self-Training With Noisy Student Improves ImageNet Classification},
  author={Qizhe Xie and E. Hovy and Minh-Thang Luong and Quoc V. Le},
  journal={CVPR},
  year={2020},
  pages={10684-10695}
}

@inproceedings{he2020momentum,
  title={Momentum contrast for unsupervised visual representation learning},
  author={He, Kaiming and Fan, Haoqi and Wu, Yuxin and Xie, Saining and Girshick, Ross},
  booktitle={CVPR},
  pages={9729--9738},
  year={2020}
}

@inproceedings{xu2019cross-lingual,
  title={Cross-lingual Knowledge Graph Alignment via Graph Matching Neural Network},
  author={Xu, Kun and Wang, Liwei and Yu, Mo and Feng, Yansong and Song, Yan and Wang, Zhiguo and Yu, Dong},
  booktitle={ACL},
  year={2019}
}

@inproceedings{sun2018bootstrapping,
  title={Bootstrapping Entity Alignment with Knowledge Graph Embedding},
  author={Sun, Zequn and Hu, Wei and Zhang, Qingheng and Qu, Yuzhong},
  booktitle={ IJCAI, vol.18},
  pages={4396--4402},
  year={2018}
}
@inproceedings{tang2019bert-int,
  title={BERT-INT: a BERT-based interaction model for knowledge graph alignment},
  author={Tang, Xiaobin and Zhang, Jing and Chen, Bo and Yang, Yang and Chen, Hong and Li, Cuiping},
  booktitle={IJCAI},
  pages={3174--3180},
  year={2021}
}

@inproceedings{AKE,
author = {Lin, Xixun and Yang, Hong and Wu, Jia and Zhou, Chuan and Wang, Bin},
year = {2019},
month = {11},
pages = {},
title = {Guiding Cross-lingual Entity Alignment via Adversarial Knowledge Embedding},
doi = {10.1109/ICDM.2019.00053}
}

@inproceedings{JAPE,
  title={Cross-lingual entity alignment via joint attribute-preserving embedding},
  author={Sun, Zequn and Hu, Wei and Li, Chengkai},
  booktitle={ISWC},
  pages={628--644},
  year={2017},
  organization={Springer}
}

@inproceedings{MTransE,
  title={Multilingual knowledge graph embeddings for cross-lingual knowledge alignment},
  author={Chen, Muhao and Tian, Yingtao and Yang, Mohan and Zaniolo, Carlo},
  booktitle={IJCAI},
  year={2017}
}


@inproceedings{CEAFF,
author = {Zeng, Weixin and Zhao, Xiang and Tang, Jiuyang and Lin, Xuemin},
year = {2019},
month = {12},
pages = {},
title = {Collective Embedding-based Entity Alignment via Adaptive Features}
}

@inproceedings{devlin2018bert,
  title={BERT: Pre-training of Deep Bidirectional Transformers for Language Understanding},
  author={Devlin, Jacob and Chang, Ming-Wei and Lee, Kenton and Toutanova, Kristina},
  booktitle={NAACL},
  pages={4171--4186},
  year={2019}
}

@inproceedings{goodfellow2014generative,
  title={Generative adversarial nets},
  author={Goodfellow, Ian and Pouget-Abadie, Jean and Mirza, Mehdi and Xu, Bing and Warde-Farley, David and Ozair, Sherjil and Courville, Aaron and Bengio, Yoshua},
  booktitle={NIPS},
  pages={2672--2680},
  year={2014}
}

@inproceedings{guo2019learning,
  title={Learning to exploit long-term relational dependencies in knowledge graphs},
  author={Guo, Lingbing and Sun, Zequn and Hu, Wei},
  booktitle={ICML},
  pages={2505--2514},
  year={2019},
  organization={PMLR}
}
@inproceedings{shi2019modeling,
  title={Modeling multi-mapping relations for precise cross-lingual entity alignment},
  author={Shi, Xiaofei and Xiao, Yanghua},
  booktitle={EMNLP},
  pages={813--822},
  year={2019}
}
@inproceedings{zhu2019neighborhood,
  title={Neighborhood-Aware Attentional Representation for Multilingual Knowledge Graphs.},
  author={Zhu, Qiannan and Zhou, Xiaofei and Wu, Jia and Tan, Jianlong and Guo, Li},
  booktitle={IJCAI},
  pages={1943--1949},
  year={2019}
}
@inproceedings{DBLP:journals/corr/abs-1911-08936,
  title={Knowledge graph alignment network with gated multi-hop neighborhood aggregation},
  author={Sun, Zequn and Wang, Chengming and Hu, Wei and Chen, Muhao and Dai, Jian and Zhang, Wei and Qu, Yuzhong},
  booktitle={AAAI},
  volume={34},
  number={01},
  pages={222--229},
  year={2020}
}
@inproceedings{wu2019relation,
  title={Relation-Aware Entity Alignment for Heterogeneous Knowledge Graphs},
  author={Wu, Yuting and Liu, Xiao and Feng, Yansong and Wang, Zheng and Yan, Rui and Zhao, Dongyan},
  booktitle={IJCAI},
  year={2019}
}
@inproceedings{wu2019jointly,
  title={Jointly Learning Entity and Relation Representations for Entity Alignment},
  author={Wu, Yuting and Liu, Xiao and Feng, Yansong and Wang, Zheng and Zhao, Dongyan},
  booktitle={EMNLP},
  pages={240--249},
  year={2019}
}
@inproceedings{fey2020deep,
  title={Deep Graph Matching Consensus},
  author={Fey, Matthias and Lenssen, Jan E and Morris, Christopher and Masci, Jonathan and Kriege, Nils M},
  booktitle={ICLR},
  year={2020}
}
@inproceedings{chen2020jarka,
  title={JarKA: Modeling Attribute Interactions for Cross-lingual Knowledge Alignment},
  author={Chen, Bo and Zhang, Jing and Tang, Xiaobin and Chen, Hong and Li, Cuiping},
  booktitle={PAKDD},
  year={2020},
  organization={Springer}
}
@inproceedings{yang2019aligning,
  title={Aligning Cross-Lingual Entities with Multi-Aspect Information},
  author={Yang, Hsiu-Wei and Zou, Yanyan and Shi, Peng and Lu, Wei and Lin, Jimmy and Sun, Xu},
  booktitle={EMNLP},
  pages={4431--4441},
  year={2019}
}
@inproceedings{zhu2017iterative,
  title={Iterative Entity Alignment via Joint Knowledge Embeddings.},
  author={Zhu, Hao and Xie, Ruobing and Liu, Zhiyuan and Sun, Maosong},
  booktitle={IJCAI},
  volume={17},
  pages={4258--4264},
  year={2017}
}
@inproceedings{sun2019transedge,
  title={Transedge: Translating relation-contextualized embeddings for knowledge graphs},
  author={Sun, Zequn and Huang, Jiacheng and Hu, Wei and Chen, Muhao and Guo, Lingbing and Qu, Yuzhong},
  booktitle={ISWC},
  pages={612--629},
  year={2019},
  organization={Springer}
}
@inproceedings{cao2019multi,
  title={Multi-Channel Graph Neural Network for Entity Alignment},
  author={Cao, Yixin and Liu, Zhiyuan and Li, Chengjiang and Li, Juanzi and Chua, Tat-Seng},
  booktitle={ACL},
  pages={1452--1461},
  year={2019}
}
@inproceedings{li2019semi,
  title={Semi-supervised entity alignment via joint knowledge embedding model and cross-graph model},
  author={Li, Chengjiang and Cao, Yixin and Hou, Lei and Shi, Jiaxin and Li, Juanzi and Chua, Tat-Seng},
  booktitle={EMNLP},
  pages={2723--2732},
  year={2019}
}
@inproceedings{pei2019semi,
  title={Semi-supervised entity alignment via knowledge graph embedding with awareness of degree difference},
  author={Pei, Shichao and Yu, Lu and Hoehndorf, Robert and Zhang, Xiangliang},
  booktitle={WWW},
  pages={3130--3136},
  year={2019}
}
@inproceedings{zhang2019multi,
  author    = {Qingheng Zhang and Zequn Sun and Wei Hu and Muhao Chen and Lingbing Guo and Yuzhong Qu},
  title     = {Multi-view Knowledge Graph Embedding for Entity Alignment},
  booktitle = {IJCAI},
  pages     = {5429--5435},
  year      = {2019}
}

@article{rakhlin2016convolutional,
  title={Convolutional Neural Networks for Sentence Classification},
  author={Rakhlin, A},
  journal={GitHub},
  year={2016}
}

@article{feng2020language,
  title={Language-agnostic bert sentence embedding},
  author={Feng, Fangxiaoyu and Yang, Yinfei and Cer, Daniel and Arivazhagan, Naveen and Wang, Wei},
  journal={arXiv preprint arXiv:2007.01852},
  year={2020}
}

@inproceedings{velivckovic2017graph,
  title={Graph Attention Networks},
  author={Veli{\v{c}}kovi{\'c}, Petar and Cucurull, Guillem and Casanova, Arantxa and Romero, Adriana and Li{\`o}, Pietro and Bengio, Yoshua},
  booktitle={ICLR},
  year={2018}
}

@inproceedings{hadsell2006dimensionality,
  title={Dimensionality reduction by learning an invariant mapping},
  author={Hadsell, Raia and Chopra, Sumit and LeCun, Yann},
  booktitle={CVPR},
  volume={2},
  pages={1735--1742},
  year={2006},
  organization={IEEE}
}

@article{oord2018representation,
  title={Representation learning with contrastive predictive coding},
  author={Oord, Aaron van den and Li, Yazhe and Vinyals, Oriol},
  journal={arXiv preprint arXiv:1807.03748},
  year={2018}
}

@inproceedings{wang2020understanding,
  title={Understanding contrastive representation learning through alignment and uniformity on the hypersphere},
  author={Wang, Tongzhou and Isola, Phillip},
  booktitle={ICML},
  pages={9929--9939},
  year={2020},
  organization={PMLR}
}

@inproceedings{trisedya2019entity,
  title={Entity alignment between knowledge graphs using attribute embeddings},
  author={Trisedya, Bayu Distiawan and Qi, Jianzhong and Zhang, Rui},
  booktitle={AAAI},
  volume={33},
  number={01},
  pages={297--304},
  year={2019}
}

@article{petroni2019language,
  title={Language models as knowledge bases?},
  author={Petroni, Fabio and Rockt{\"a}schel, Tim and Lewis, Patrick and Bakhtin, Anton and Wu, Yuxiang and Miller, Alexander H and Riedel, Sebastian},
  journal={arXiv preprint arXiv:1909.01066},
  year={2019}
}

@article{wang2020language,
  title={Language Models are Open Knowledge Graphs},
  author={Wang, Chenguang and Liu, Xiao and Song, Dawn},
  journal={arXiv preprint arXiv:2010.11967},
  year={2020}
}

@article{li2014rule,
  title={Rule-based method for entity resolution},
  author={Li, Lingli and Li, Jianzhong and Gao, Hong},
  journal={TKDE},
  volume={27},
  number={1},
  pages={250--263},
  year={2014},
  publisher={IEEE}
}

@article{li2008rimom,
  title={Rimom: A dynamic multistrategy ontology alignment framework},
  author={Li, Juanzi and Tang, Jie and Li, Yi and Luo, Qiong},
  journal={TKDE},
  volume={21},
  number={8},
  pages={1218--1232},
  year={2008},
  publisher={IEEE}
}

@inproceedings{zhang2019oag,
  title={Oag: Toward linking large-scale heterogeneous entity graphs},
  author={Zhang, Fanjin and Liu, Xiao and Tang, Jie and Dong, Yuxiao and Yao, Peiran and Zhang, Jie and Gu, Xiaotao and Wang, Yan and Shao, Bin and Li, Rui and others},
  booktitle={SIGKDD},
  pages={2585--2595},
  year={2019}
}

@inproceedings{GCN-Align,
  title={Cross-lingual knowledge graph alignment via graph convolutional networks},
  author={Wang, Zhichun and Lv, Qingsong and Lan, Xiaohan and Zhang, Yu},
  booktitle={EMNLP},
  pages={349--357},
  year={2018}
}

@article{liu2020self,
  title={Self-supervised learning: Generative or contrastive},
  author={Liu, Xiao and Zhang, Fanjin and Hou, Zhenyu and Mian, Li and Wang, Zhaoyu and Zhang, Jing and Tang, Jie},
  journal={TKDE},
  year={2021},
  publisher={IEEE}
}

@article{radford2019language,
  title={Language models are unsupervised multitask learners},
  author={Radford, Alec and Wu, Jeffrey and Child, Rewon and Luan, David and Amodei, Dario and Sutskever, Ilya},
  journal={OpenAI blog},
  volume={1},
  number={8},
  pages={9},
  year={2019}
}
@article{yang2019xlnet,
  title={Xlnet: Generalized autoregressive pretraining for language understanding},
  author={Yang, Zhilin and Dai, Zihang and Yang, Yiming and Carbonell, Jaime and Salakhutdinov, Russ R and Le, Quoc V},
  journal={NIPS},
  year={2019}
}

@inproceedings{chen2020simple,
  title={A simple framework for contrastive learning of visual representations},
  author={Chen, Ting and Kornblith, Simon and Norouzi, Mohammad and Hinton, Geoffrey},
  booktitle={ICML},
  pages={1597--1607},
  year={2020},
  organization={PMLR}
}

% criticized by review 1, don't use the abbreviation of the conference here
% but a little tricky here, need \& to compile successfully
@inproceedings{zhang2018mego2vec,
  title={Mego2vec: Embedding matched ego networks for user alignment across social networks},
  author={Zhang, Jing and Chen, Bo and Wang, Xianming and Chen, Hong and Li, Cuiping and Jin, Fengmei and Song, Guojie and Zhang, Yutao},
  booktitle={CIKM},
  pages={327--336},
  year={2018}
}

@inproceedings{bordes2013translating,
  title={Translating embeddings for modeling multi-relational data},
  author={Bordes, Antoine and Usunier, Nicolas and Garcia-Duran, Alberto and Weston, Jason and Yakhnenko, Oksana},
  booktitle={NIPS},
  pages={1--9},
  year={2013}
}

@article{tang2006using,
  title={Using Bayesian decision for ontology mapping},
  author={Tang, Jie and Li, Juanzi and Liang, Bangyong and Huang, Xiaotong and Li, Yi and Wang, Kehong},
  journal={JWS},
  volume={4},
  number={4},
  pages={243--262},
  year={2006},
  publisher={Elsevier}
}

@inproceedings{zhang2015cosnet,
  title={Cosnet: Connecting heterogeneous social networks with local and global consistency},
  author={Zhang, Yutao and Tang, Jie and Yang, Zhilin and Pei, Jian and Yu, Philip S},
  booktitle={SIGKDD},
  pages={1485--1494},
  year={2015}
}

@inproceedings{qiu2020gcc,
  title={Gcc: Graph contrastive coding for graph neural network pre-training},
  author={Qiu, Jiezhong and Chen, Qibin and Dong, Yuxiao and Zhang, Jing and Yang, Hongxia and Ding, Ming and Wang, Kuansan and Tang, Jie},
  booktitle={SIGKDD},
  pages={1150--1160},
  year={2020}
}

@article{you2020graph,
  title={Graph contrastive learning with augmentations},
  author={You, Yuning and Chen, Tianlong and Sui, Yongduo and Chen, Ting and Wang, Zhangyang and Shen, Yang},
  journal={NIPS},
  year={2020}
}

@article{zhang2015character,
  title={Character-level convolutional networks for text classification},
  author={Zhang, Xiang and Zhao, Junbo and LeCun, Yann},
  journal={arXiv preprint arXiv:1509.01626},
  year={2015}
}

@article{wu2016google,
  title={Google's neural machine translation system: Bridging the gap between human and machine translation},
  author={Wu, Yonghui and Schuster, Mike and Chen, Zhifeng and Le, Quoc V and Norouzi, Mohammad and Macherey, Wolfgang and Krikun, Maxim and Cao, Yuan and Gao, Qin and Macherey, Klaus and others},
  journal={arXiv preprint arXiv:1609.08144},
  year={2016}
}
@inproceedings{zhu2020relation,
  title={Relation-Aware Neighborhood Matching Model for Entity Alignment},
  author={Zhu, Yao and Liu, Hongzhi and Wu, Zhonghai and Du, Yingpeng},
  booktitle={AAAI},
  volume={35},
  number={5},
  pages={4749--4756},
  year={2021}
}

@inproceedings{gutmann2010noise,
  title={Noise-contrastive estimation: A new estimation principle for unnormalized statistical models},
  author={Gutmann, Michael and Hyv{\"a}rinen, Aapo},
  booktitle={AIStats},
  pages={297--304},
  year={2010}
}

@inproceedings{yang2018hotpotqa,
  title={HotpotQA: A Dataset for Diverse, Explainable Multi-hop Question Answering},
  author={Yang, Zhilin and Qi, Peng and Zhang, Saizheng and Bengio, Yoshua and Cohen, William and Salakhutdinov, Ruslan and Manning, Christopher D},
  booktitle={EMNLP},
  year={2018}
}

@article{lewis2020retrieval,
  title={Retrieval-augmented generation for knowledge-intensive nlp tasks},
  author={Lewis, Patrick and Perez, Ethan and Piktus, Aleksandra and Petroni, Fabio and Karpukhin, Vladimir and Goyal, Naman and K{\"u}ttler, Heinrich and Lewis, Mike and Yih, Wen-tau and Rockt{\"a}schel, Tim and others},
  journal={NIPS},
  year={2020}
}

@misc{eder2012knowledge,
  title={Knowledge graph based search system},
  author={Eder, Jeffrey Scott},
  year={2012},
  month=jun # "~21",
  publisher={Google Patents},
  note={US Patent App. 13/404,109}
}

@article{paulheim2017knowledge,
  title={Knowledge graph refinement: A survey of approaches and evaluation methods},
  author={Paulheim, Heiko},
  journal={Semantic web},
  volume={8},
  number={3},
  pages={489--508},
  year={2017},
  publisher={IOS Press}
}

@article{guo2020survey,
  title={A survey on knowledge graph-based recommender systems},
  author={Guo, Qingyu and Zhuang, Fuzhen and Qin, Chuan and Zhu, Hengshu and Xie, Xing and Xiong, Hui and He, Qing},
  journal={TKDE},
  year={2020},
  publisher={IEEE}
}

@inproceedings{li2020alimekg,
  title={AliMeKG: Domain Knowledge Graph Construction and Application in E-commerce},
  author={Li, Feng-Lin and Chen, Hehong and Xu, Guohai and Qiu, Tian and Ji, Feng and Zhang, Ji and Chen, Haiqing},
  booktitle={CIKM},
  pages={2581--2588},
  year={2020}
}

@article{trivedi2018linknbed,
  title={Linknbed: Multi-graph representation learning with entity linkage},
  author={Trivedi, Rakshit and Sisman, Bunyamin and Ma, Jun and Faloutsos, Christos and Zha, Hongyuan and Dong, Xin Luna},
  journal={arXiv preprint arXiv:1807.08447},
  year={2018}
}

@article{qiu2020matrix,
  title={A Matrix Chernoff Bound for Markov Chains and Its Application to Co-occurrence Matrices},
  author={Qiu, Jiezhong and Wang, Chi and Liao, Ben and Peng, Richard and Tang, Jie},
  journal={Advances in Neural Information Processing Systems},
  volume={33},
  year={2020}
}

@inproceedings{pellissier2016freebase,
  title={From freebase to wikidata: The great migration},
  author={Pellissier Tanon, Thomas and Vrande{\v{c}}i{\'c}, Denny and Schaffert, Sebastian and Steiner, Thomas and Pintscher, Lydia},
  booktitle={WWW},
  pages={1419--1428},
  year={2016}
}

@inproceedings{hao2016joint,
  title={A joint embedding method for entity alignment of knowledge bases},
  author={Hao, Yanchao and Zhang, Yuanzhe and He, Shizhu and Liu, Kang and Zhao, Jun},
  booktitle={CCKS},
  pages={3--14},
  year={2016},
  organization={Springer}
}

@inproceedings{yang2020cotsae,
  title={COTSAE: CO-Training of Structure and Attribute Embeddings for Entity Alignment},
  author={Yang, Kai and Liu, Shaoqin and Zhao, Junfeng and Wang, Yasha and Xie, Bing},
  booktitle={AAAI},
  volume={34},
  number={03},
  pages={3025--3032},
  year={2020}
}


@article{liu2021oag_know,
  title={OAG\_know: Self-supervised Learning for Linking Knowledge Graphs},
  author={Liu, Xiao and Mian, Li and Dong, Yuxiao and Zhang, Fanjin and Zhang, Jing and Tang, Jie and Zhang, Peng and Gong, Jibing and Wang, Kuansan},
  journal={TKDE},
  year={2021},
  publisher={IEEE}
}

@article{han2021pre,
  title={Pre-trained models: Past, present and future},
  author={Han, Xu and Zhang, Zhengyan and Ding, Ning and Gu, Yuxian and Liu, Xiao and Huo, Yuqi and Qiu, Jiezhong and Zhang, Liang and Han, Wentao and Huang, Minlie and others},
  journal={AI Open},
  year={2021},
  publisher={Elsevier}
}

@article{raffel2020exploring,
  title={Exploring the Limits of Transfer Learning with a Unified Text-to-Text Transformer},
  author={Raffel, Colin and Shazeer, Noam and Roberts, Adam and Lee, Katherine and Narang, Sharan and Matena, Michael and Zhou, Yanqi and Li, Wei and Liu, Peter J},
  journal={JMLR}
  year={2020}
}

@article{du2021all,
  title={All nlp tasks are generation tasks: A general pretraining framework},
  author={Du, Zhengxiao and Qian, Yujie and Liu, Xiao and Ding, Ming and Qiu, Jiezhong and Yang, Zhilin and Tang, Jie},
  journal={arXiv preprint arXiv:2103.10360},
  year={2021}
}