@inproceedings{adam,
 author = {Diederik P. Kingma and
Jimmy Ba},
 bibsource = {dblp computer science bibliography, https://dblp.org},
 biburl = {https://dblp.org/rec/journals/corr/KingmaB14.bib},
 booktitle = {3rd International Conference on Learning Representations, {ICLR} 2015,
San Diego, CA, USA, May 7-9, 2015, Conference Track Proceedings},
 editor = {Yoshua Bengio and
Yann LeCun},
 timestamp = {Thu, 25 Jul 2019 01:00:00 +0200},
 title = {Adam: {A} Method for Stochastic Optimization},
 url = {http://arxiv.org/abs/1412.6980},
 year = {2015}
}

@book{Aho:72,
 address = {Englewood Cliffs, NJ},
 author = {Alfred V. Aho and Jeffrey D. Ullman},
 publisher = {Prentice-Hall},
 title = {The Theory of Parsing, Translation and Compiling},
 url = {https://dl.acm.org/doi/pdf/10.5555/578789},
 volume = {1},
 year = {1972}
}

@article{Ando2005,
 acmid = {1194905},
 author = {Ando, Rie Kubota and Zhang, Tong},
 issn = {1532-4435},
 issue_date = {12/1/2005},
 journal = {Journal of Machine Learning Research},
 numpages = {37},
 pages = {1817--1853},
 publisher = {JMLR.org},
 title = {A Framework for Learning Predictive Structures from Multiple Tasks and Unlabeled Data},
 url = {https://www.jmlr.org/papers/volume6/ando05a/ando05a.pdf},
 volume = {6},
 year = {2005}
}

@inproceedings{andrew2007scalable,
 author = {Andrew, Galen and Gao, Jianfeng},
 booktitle = {Proceedings of the 24th International Conference on Machine Learning},
 pages = {33--40},
 title = {Scalable training of {L1}-regularized log-linear models},
 url = {https://www.microsoft.com/en-us/research/wp-content/uploads/2007/01/andrew07scalable.pdf},
 year = {2007}
}

@book{APA:83,
 address = {Washington, DC},
 author = {{American Psychological Association}},
 publisher = {American Psychological Association},
 title = {Publications Manual},
 url = {},
 year = {1983}
}

@inproceedings{attn_seq_to_seq,
 author = {Dzmitry Bahdanau and
Kyunghyun Cho and
Yoshua Bengio},
 bibsource = {dblp computer science bibliography, https://dblp.org},
 biburl = {https://dblp.org/rec/journals/corr/BahdanauCB14.bib},
 booktitle = {3rd International Conference on Learning Representations, {ICLR} 2015,
San Diego, CA, USA, May 7-9, 2015, Conference Track Proceedings},
 editor = {Yoshua Bengio and
Yann LeCun},
 timestamp = {Fri, 29 Mar 2019 00:00:00 +0100},
 title = {Neural Machine Translation by Jointly Learning to Align and Translate},
 url = {http://arxiv.org/abs/1409.0473},
 year = {2015}
}

@incollection{Bengio+chapter2007,
 author = {Bengio, Yoshua and LeCun, Yann},
 booktitle = {Large Scale Kernel Machines},
 publisher = {MIT Press},
 title = {Scaling Learning Algorithms Towards {AI}},
 url = {http://yann.lecun.com/exdb/publis/pdf/bengio-lecun-07.pdf},
 year = {2007}
}

@inproceedings{bengio2015scheduled,
 author = {Samy Bengio and
Oriol Vinyals and
Navdeep Jaitly and
Noam Shazeer},
 bibsource = {dblp computer science bibliography, https://dblp.org},
 biburl = {https://dblp.org/rec/conf/nips/BengioVJS15.bib},
 booktitle = {Advances in Neural Information Processing Systems 28: Annual Conference
on Neural Information Processing Systems 2015, December 7-12, 2015,
Montreal, Quebec, Canada},
 editor = {Corinna Cortes and
Neil D. Lawrence and
Daniel D. Lee and
Masashi Sugiyama and
Roman Garnett},
 pages = {1171--1179},
 timestamp = {Thu, 21 Jan 2021 00:00:00 +0100},
 title = {Scheduled Sampling for Sequence Prediction with Recurrent Neural Networks},
 url = {https://proceedings.neurips.cc/paper/2015/hash/e995f98d56967d946471af29d7bf99f1-Abstract.html},
 year = {2015}
}

@inproceedings{biaffine,
 author = {Timothy Dozat and
Christopher D. Manning},
 bibsource = {dblp computer science bibliography, https://dblp.org},
 biburl = {https://dblp.org/rec/conf/iclr/DozatM17.bib},
 booktitle = {5th International Conference on Learning Representations, {ICLR} 2017,
Toulon, France, April 24-26, 2017, Conference Track Proceedings},
 publisher = {OpenReview.net},
 timestamp = {Thu, 25 Jul 2019 01:00:00 +0200},
 title = {Deep Biaffine Attention for Neural Dependency Parsing},
 url = {https://openreview.net/forum?id=Hk95PK9le},
 year = {2017}
}

@inproceedings{bleu,
 address = {Philadelphia, Pennsylvania, USA},
 author = {Papineni, Kishore  and
Roukos, Salim  and
Ward, Todd  and
Zhu, Wei-Jing},
 booktitle = {Proceedings of the 40th Annual Meeting of the Association for Computational Linguistics},
 doi = {10.3115/1073083.1073135},
 pages = {311--318},
 publisher = {Association for Computational Linguistics},
 title = {{B}leu: a Method for Automatic Evaluation of Machine Translation},
 url = {https://www.aclweb.org/anthology/P02-1040},
 year = {2002}
}

@inproceedings{bpe,
 address = {Berlin, Germany},
 author = {Sennrich, Rico  and
Haddow, Barry  and
Birch, Alexandra},
 booktitle = {Proceedings of the 54th Annual Meeting of the Association for Computational Linguistics (Volume 1: Long Papers)},
 doi = {10.18653/v1/P16-1162},
 pages = {1715--1725},
 publisher = {Association for Computational Linguistics},
 title = {Neural Machine Translation of Rare Words with Subword Units},
 url = {https://www.aclweb.org/anthology/P16-1162},
 year = {2016}
}

@inproceedings{CGMH,
 author = {Ning Miao and
Hao Zhou and
Lili Mou and
Rui Yan and
Lei Li},
 bibsource = {dblp computer science bibliography, https://dblp.org},
 biburl = {https://dblp.org/rec/conf/aaai/MiaoZMYL19.bib},
 booktitle = {The Thirty-Third {AAAI} Conference on Artificial Intelligence, {AAAI}
2019, The Thirty-First Innovative Applications of Artificial Intelligence
Conference, {IAAI} 2019, The Ninth {AAAI} Symposium on Educational
Advances in Artificial Intelligence, {EAAI} 2019, Honolulu, Hawaii,
USA, January 27 - February 1, 2019},
 doi = {10.1609/aaai.v33i01.33016834},
 pages = {6834--6842},
 publisher = {{AAAI} Press},
 timestamp = {Wed, 09 Sep 2020 01:00:00 +0200},
 title = {{CGMH:} Constrained Sentence Generation by Metropolis-Hastings Sampling},
 url = {https://doi.org/10.1609/aaai.v33i01.33016834},
 year = {2019}
}

@article{Chandra:81,
 author = {Ashok K. Chandra and Dexter C. Kozen and Larry J. Stockmeyer},
 doi = {10.1145/322234.322243},
 journal = {Journal of the Association for Computing Machinery},
 number = {1},
 pages = {114--133},
 title = {Alternation},
 volume = {28},
 year = {1981}
}

@article{glat,
  title={Glancing transformer for non-autoregressive neural machine translation},
  author={Qian, Lihua and Zhou, Hao and Bao, Yu and Wang, Mingxuan and Qiu, Lin and Zhang, Weinan and Yu, Yong and Li, Lei},
  journal={arXiv preprint arXiv:2008.07905},
  year={2020}
}

@inproceedings{cho2014learning,
 address = {Doha, Qatar},
 author = {Cho, Kyunghyun  and
van Merri{\"e}nboer, Bart  and
Gulcehre, Caglar  and
Bahdanau, Dzmitry  and
Bougares, Fethi  and
Schwenk, Holger  and
Bengio, Yoshua},
 booktitle = {Proceedings of the 2014 Conference on Empirical Methods in Natural Language Processing ({EMNLP})},
 doi = {10.3115/v1/D14-1179},
 pages = {1724--1734},
 publisher = {Association for Computational Linguistics},
 title = {Learning Phrase Representations using {RNN} Encoder{--}Decoder for Statistical Machine Translation},
 url = {https://www.aclweb.org/anthology/D14-1179},
 year = {2014}
}

@article{cho2015describing,
 author = {Cho, Kyunghyun and Courville, Aaron and Bengio, Yoshua},
 journal = {IEEE Transactions on Multimedia},
 number = {11},
 pages = {1875--1886},
 publisher = {IEEE},
 title = {Describing multimedia content using attention-based encoder-decoder networks},
 url = {https://arxiv.org/pdf/1507.01053.pdf},
 volume = {17},
 year = {2015}
}

@article{cho2016noisy,
 author = {Cho, Kyunghyun},
 journal = {arXiv preprint arXiv:1605.03835},
 title = {Noisy parallel approximate decoding for conditional recurrent language model},
 url = {https://arxiv.org/pdf/1605.03835.pdf},
 year = {2016}
}

@inproceedings{cmlm,
 address = {Hong Kong, China},
 author = {Ghazvininejad, Marjan  and
Levy, Omer  and
Liu, Yinhan  and
Zettlemoyer, Luke},
 booktitle = {Proceedings of the 2019 Conference on Empirical Methods in Natural Language Processing and the 9th International Joint Conference on Natural Language Processing (EMNLP-IJCNLP)},
 doi = {10.18653/v1/D19-1633},
 pages = {6112--6121},
 publisher = {Association for Computational Linguistics},
 title = {Mask-Predict: Parallel Decoding of Conditional Masked Language Models},
 url = {https://www.aclweb.org/anthology/D19-1633},
 year = {2019}
}

@inproceedings{cnn,
 author = {Alex Krizhevsky and
Ilya Sutskever and
Geoffrey E. Hinton},
 bibsource = {dblp computer science bibliography, https://dblp.org},
 biburl = {https://dblp.org/rec/conf/nips/KrizhevskySH12.bib},
 booktitle = {Advances in Neural Information Processing Systems 25: 26th Annual
Conference on Neural Information Processing Systems 2012. Proceedings
of a meeting held December 3-6, 2012, Lake Tahoe, Nevada, United States},
 editor = {Peter L. Bartlett and
Fernando C. N. Pereira and
Christopher J. C. Burges and
L{\'{e}}on Bottou and
Kilian Q. Weinberger},
 pages = {1106--1114},
 timestamp = {Thu, 21 Jan 2021 00:00:00 +0100},
 title = {ImageNet Classification with Deep Convolutional Neural Networks},
 url = {https://proceedings.neurips.cc/paper/2012/hash/c399862d3b9d6b76c8436e924a68c45b-Abstract.html},
 year = {2012}
}

@inproceedings{cnn_seq,
 author = {Jonas Gehring and
Michael Auli and
David Grangier and
Denis Yarats and
Yann N. Dauphin},
 bibsource = {dblp computer science bibliography, https://dblp.org},
 biburl = {https://dblp.org/rec/conf/icml/GehringAGYD17.bib},
 booktitle = {Proceedings of the 34th International Conference on Machine Learning,
{ICML} 2017, Sydney, NSW, Australia, 6-11 August 2017},
 editor = {Doina Precup and
Yee Whye Teh},
 pages = {1243--1252},
 publisher = {{PMLR}},
 series = {Proceedings of Machine Learning Research},
 timestamp = {Wed, 03 Apr 2019 01:00:00 +0200},
 title = {Convolutional Sequence to Sequence Learning},
 url = {http://proceedings.mlr.press/v70/gehring17a.html},
 volume = {70},
 year = {2017}
}

@inproceedings{crf,
 author = {John D. Lafferty and
Andrew McCallum and
Fernando C. N. Pereira},
 bibsource = {dblp computer science bibliography, https://dblp.org},
 biburl = {https://dblp.org/rec/conf/icml/LaffertyMP01.bib},
 booktitle = {Proceedings of the Eighteenth International Conference on Machine
Learning {(ICML} 2001), Williams College, Williamstown, MA, USA, June
28 - July 1, 2001},
 editor = {Carla E. Brodley and
Andrea Pohoreckyj Danyluk},
 pages = {282--289},
 publisher = {Morgan Kaufmann},
 timestamp = {Wed, 27 Nov 2002 00:00:00 +0100},
 title = {Conditional Random Fields: Probabilistic Models for Segmenting and
Labeling Sequence Data},
 year = {2001}
}

@inproceedings{dailydialog,
 address = {Taipei, Taiwan},
 author = {Li, Yanran  and
Su, Hui  and
Shen, Xiaoyu  and
Li, Wenjie  and
Cao, Ziqiang  and
Niu, Shuzi},
 booktitle = {Proceedings of the Eighth International Joint Conference on Natural Language Processing (Volume 1: Long Papers)},
 pages = {986--995},
 publisher = {Asian Federation of Natural Language Processing},
 title = {{D}aily{D}ialog: A Manually Labelled Multi-turn Dialogue Dataset},
 url = {https://www.aclweb.org/anthology/I17-1099},
 year = {2017}
}

@inproceedings{enat,
 author = {Junliang Guo and
Xu Tan and
Di He and
Tao Qin and
Linli Xu and
Tie{-}Yan Liu},
 bibsource = {dblp computer science bibliography, https://dblp.org},
 biburl = {https://dblp.org/rec/conf/aaai/GuoTHQXL19.bib},
 booktitle = {The Thirty-Third {AAAI} Conference on Artificial Intelligence, {AAAI}
2019, The Thirty-First Innovative Applications of Artificial Intelligence
Conference, {IAAI} 2019, The Ninth {AAAI} Symposium on Educational
Advances in Artificial Intelligence, {EAAI} 2019, Honolulu, Hawaii,
USA, January 27 - February 1, 2019},
 doi = {10.1609/aaai.v33i01.33013723},
 pages = {3723--3730},
 publisher = {{AAAI} Press},
 timestamp = {Wed, 30 Sep 2020 01:00:00 +0200},
 title = {Non-Autoregressive Neural Machine Translation with Enhanced Decoder
Input},
 url = {https://doi.org/10.1609/aaai.v33i01.33013723},
 year = {2019}
}

@inproceedings{esd,
 address = {Online},
 author = {Li, Jiahuan  and
Bao, Yu  and
Huang, Shujian  and
Dai, Xinyu  and
Chen, Jiajun},
 booktitle = {Proceedings of the 58th Annual Meeting of the Association for Computational Linguistics},
 doi = {10.18653/v1/2020.acl-main.65},
 pages = {708--717},
 publisher = {Association for Computational Linguistics},
 title = {Explicit Semantic Decomposition for Definition Generation},
 url = {https://www.aclweb.org/anthology/2020.acl-main.65},
 year = {2020}
}

@inproceedings{fairseq,
 address = {Minneapolis, Minnesota},
 author = {Ott, Myle  and
Edunov, Sergey  and
Baevski, Alexei  and
Fan, Angela  and
Gross, Sam  and
Ng, Nathan  and
Grangier, David  and
Auli, Michael},
 booktitle = {Proceedings of the 2019 Conference of the North {A}merican Chapter of the Association for Computational Linguistics (Demonstrations)},
 doi = {10.18653/v1/N19-4009},
 pages = {48--53},
 publisher = {Association for Computational Linguistics},
 title = {fairseq: A Fast, Extensible Toolkit for Sequence Modeling},
 url = {https://www.aclweb.org/anthology/N19-4009},
 year = {2019}
}

@inproceedings{flowseq,
 address = {Hong Kong, China},
 author = {Ma, Xuezhe  and
Zhou, Chunting  and
Li, Xian  and
Neubig, Graham  and
Hovy, Eduard},
 booktitle = {Proceedings of the 2019 Conference on Empirical Methods in Natural Language Processing and the 9th International Joint Conference on Natural Language Processing (EMNLP-IJCNLP)},
 doi = {10.18653/v1/D19-1437},
 pages = {4282--4292},
 publisher = {Association for Computational Linguistics},
 title = {{F}low{S}eq: Non-Autoregressive Conditional Sequence Generation with Generative Flow},
 url = {https://www.aclweb.org/anthology/D19-1437},
 year = {2019}
}

@inproceedings{goodfellow2016deep,
 author = {Ruslan Salakhutdinov},
 bibsource = {dblp computer science bibliography, https://dblp.org},
 biburl = {https://dblp.org/rec/conf/kdd/Salakhutdinov14.bib},
 booktitle = {The 20th {ACM} {SIGKDD} International Conference on Knowledge Discovery
and Data Mining, {KDD} '14, New York, NY, {USA} - August 24 - 27,
2014},
 doi = {10.1145/2623330.2630809},
 editor = {Sofus A. Macskassy and
Claudia Perlich and
Jure Leskovec and
Wei Wang and
Rayid Ghani},
 pages = {1973},
 publisher = {{ACM}},
 timestamp = {Tue, 06 Nov 2018 00:00:00 +0100},
 title = {Deep learning},
 url = {https://doi.org/10.1145/2623330.2630809},
 year = {2014}
}

@inproceedings{graves2013speech,
 author = {Graves, Alex and Mohamed, Abdel-rahman and Hinton, Geoffrey},
 booktitle = {2013 IEEE international conference on acoustics, speech and signal processing},
 organization = {IEEE},
 pages = {6645--6649},
 title = {Speech recognition with deep recurrent neural networks},
 url = {https://arxiv.org/pdf/1303.5778.pdf},
 year = {2013}
}

@inproceedings{gu2016incorporating,
 address = {Berlin, Germany},
 author = {Gu, Jiatao  and
Lu, Zhengdong  and
Li, Hang  and
Li, Victor O.K.},
 booktitle = {Proceedings of the 54th Annual Meeting of the Association for Computational Linguistics (Volume 1: Long Papers)},
 doi = {10.18653/v1/P16-1154},
 pages = {1631--1640},
 publisher = {Association for Computational Linguistics},
 title = {Incorporating Copying Mechanism in Sequence-to-Sequence Learning},
 url = {https://www.aclweb.org/anthology/P16-1154},
 year = {2016}
}

@article{gu2019insertion,
 author = {Gu, Jiatao  and
Liu, Qi  and
Cho, Kyunghyun},
 doi = {10.1162/tacl_a_00292},
 journal = {Transactions of the Association for Computational Linguistics},
 pages = {661--676},
 title = {Insertion-based Decoding with Automatically Inferred Generation Order},
 url = {https://www.aclweb.org/anthology/Q19-1042},
 volume = {7},
 year = {2019}
}

@inproceedings{gupta2018deep,
 author = {Ankush Gupta and
Arvind Agarwal and
Prawaan Singh and
Piyush Rai},
 bibsource = {dblp computer science bibliography, https://dblp.org},
 biburl = {https://dblp.org/rec/conf/aaai/GuptaASR18.bib},
 booktitle = {Proceedings of the Thirty-Second {AAAI} Conference on Artificial Intelligence,
(AAAI-18), the 30th innovative Applications of Artificial Intelligence
(IAAI-18), and the 8th {AAAI} Symposium on Educational Advances in
Artificial Intelligence (EAAI-18), New Orleans, Louisiana, USA, February
2-7, 2018},
 editor = {Sheila A. McIlraith and
Kilian Q. Weinberger},
 pages = {5149--5156},
 publisher = {{AAAI} Press},
 timestamp = {Mon, 22 Oct 2018 01:00:00 +0200},
 title = {A Deep Generative Framework for Paraphrase Generation},
 url = {https://www.aaai.org/ocs/index.php/AAAI/AAAI18/paper/view/16353},
 year = {2018}
}

@book{Gusfield:97,
 address = {Cambridge, UK},
 author = {Dan Gusfield},
 publisher = {Cambridge University Press},
 title = {Algorithms on Strings, Trees and Sequences},
 url = {},
 year = {1997}
}

@inproceedings{hint_nat,
 author = {Li, Zhuohan and He, Di and Tian, Fei and Qin, Tao and Wang, Liwei and Liu, Tie-Yan},
 booktitle = {NeuralIPS~(to appear)},
 title = {Hint-based Training for Non-Autoregressive Translation},
 url = {https://openreview.net/pdf?id=r1gGpjActQ},
 year = {2019}
}

@article{Hinton06,
 author = {Hinton, Geoffrey E. and Osindero, Simon and Teh, Yee Whye},
 journal = {Neural Computation},
 pages = {1527--1554},
 title = {A Fast Learning Algorithm for Deep Belief Nets},
 url = {https://www.cs.toronto.edu/~hinton/absps/fastnc.pdf},
 volume = {18},
 year = {2006}
}

@article{hinton2015distilling,
 author = {Hinton, Geoffrey and Vinyals, Oriol and Dean, Jeff},
 journal = {arXiv preprint arXiv:1503.02531},
 title = {Distilling the knowledge in a neural network},
 url = {https://arxiv.org/pdf/1503.02531.pdf},
 year = {2015}
}

@inproceedings{imitate_nat,
 address = {Florence, Italy},
 author = {Wei, Bingzhen  and
Wang, Mingxuan  and
Zhou, Hao  and
Lin, Junyang  and
Sun, Xu},
 booktitle = {Proceedings of the 57th Annual Meeting of the Association for Computational Linguistics},
 doi = {10.18653/v1/P19-1125},
 pages = {1304--1312},
 publisher = {Association for Computational Linguistics},
 title = {Imitation Learning for Non-Autoregressive Neural Machine Translation},
 url = {https://www.aclweb.org/anthology/P19-1125},
 year = {2019}
}

@article{indigo,
 author = {Gu, Jiatao  and
Liu, Qi  and
Cho, Kyunghyun},
 doi = {10.1162/tacl_a_00292},
 journal = {Transactions of the Association for Computational Linguistics},
 pages = {661--676},
 title = {Insertion-based Decoding with Automatically Inferred Generation Order},
 url = {https://www.aclweb.org/anthology/Q19-1042},
 volume = {7},
 year = {2019}
}

@inproceedings{iter_nat,
 address = {Brussels, Belgium},
 author = {Lee, Jason  and
Mansimov, Elman  and
Cho, Kyunghyun},
 booktitle = {Proceedings of the 2018 Conference on Empirical Methods in Natural Language Processing},
 doi = {10.18653/v1/D18-1149},
 pages = {1173--1182},
 publisher = {Association for Computational Linguistics},
 title = {Deterministic Non-Autoregressive Neural Sequence Modeling by Iterative Refinement},
 url = {https://www.aclweb.org/anthology/D18-1149},
 year = {2018}
}

@inproceedings{jm_nat,
 address = {Online},
 author = {Guo, Junliang  and
Xu, Linli  and
Chen, Enhong},
 booktitle = {Proceedings of the 58th Annual Meeting of the Association for Computational Linguistics},
 doi = {10.18653/v1/2020.acl-main.36},
 pages = {376--385},
 publisher = {Association for Computational Linguistics},
 title = {Jointly Masked Sequence-to-Sequence Model for Non-Autoregressive Neural Machine Translation},
 url = {https://www.aclweb.org/anthology/2020.acl-main.36},
 year = {2020}
}

@inproceedings{Kerbs,
 author = {Ning Miao and
Hao Zhou and
Chengqi Zhao and
Wenxian Shi and
Lei Li},
 bibsource = {dblp computer science bibliography, https://dblp.org},
 biburl = {https://dblp.org/rec/conf/nips/MiaoZZSL19.bib},
 booktitle = {Advances in Neural Information Processing Systems 32: Annual Conference
on Neural Information Processing Systems 2019, NeurIPS 2019, December
8-14, 2019, Vancouver, BC, Canada},
 editor = {Hanna M. Wallach and
Hugo Larochelle and
Alina Beygelzimer and
Florence d'Alch{\'{e}}{-}Buc and
Emily B. Fox and
Roman Garnett},
 pages = {12487--12497},
 timestamp = {Thu, 21 Jan 2021 00:00:00 +0100},
 title = {Kernelized Bayesian Softmax for Text Generation},
 url = {https://proceedings.neurips.cc/paper/2019/hash/967c2ae04b169f07e7fa8fdfd110551e-Abstract.html},
 year = {2019}
}

@inproceedings{kim2016sequence,
 address = {Austin, Texas},
 author = {Kim, Yoon  and
Rush, Alexander M.},
 booktitle = {Proceedings of the 2016 Conference on Empirical Methods in Natural Language Processing},
 doi = {10.18653/v1/D16-1139},
 pages = {1317--1327},
 publisher = {Association for Computational Linguistics},
 title = {Sequence-Level Knowledge Distillation},
 url = {https://www.aclweb.org/anthology/D16-1139},
 year = {2016}
}

@inproceedings{latent_pos,
 address = {Hong Kong, China},
 author = {Yang, Xuewen  and
Liu, Yingru  and
Xie, Dongliang  and
Wang, Xin  and
Balasubramanian, Niranjan},
 booktitle = {Proceedings of the 2019 Conference on Empirical Methods in Natural Language Processing and the 9th International Joint Conference on Natural Language Processing (EMNLP-IJCNLP)},
 doi = {10.18653/v1/D19-1072},
 pages = {780--790},
 publisher = {Association for Computational Linguistics},
 title = {Latent Part-of-Speech Sequences for Neural Machine Translation},
 url = {https://www.aclweb.org/anthology/D19-1072},
 year = {2019}
}

@inproceedings{lcsts,
 address = {Lisbon, Portugal},
 author = {Hu, Baotian  and
Chen, Qingcai  and
Zhu, Fangze},
 booktitle = {Proceedings of the 2015 Conference on Empirical Methods in Natural Language Processing},
 doi = {10.18653/v1/D15-1229},
 pages = {1967--1972},
 publisher = {Association for Computational Linguistics},
 title = {{LCSTS}: A Large Scale {C}hinese Short Text Summarization Dataset},
 url = {https://www.aclweb.org/anthology/D15-1229},
 year = {2015}
}

@inproceedings{liu2018table,
 author = {Tianyu Liu and
Kexiang Wang and
Lei Sha and
Baobao Chang and
Zhifang Sui},
 bibsource = {dblp computer science bibliography, https://dblp.org},
 biburl = {https://dblp.org/rec/conf/aaai/LiuWSCS18.bib},
 booktitle = {Proceedings of the Thirty-Second {AAAI} Conference on Artificial Intelligence,
(AAAI-18), the 30th innovative Applications of Artificial Intelligence
(IAAI-18), and the 8th {AAAI} Symposium on Educational Advances in
Artificial Intelligence (EAAI-18), New Orleans, Louisiana, USA, February
2-7, 2018},
 editor = {Sheila A. McIlraith and
Kilian Q. Weinberger},
 pages = {4881--4888},
 publisher = {{AAAI} Press},
 timestamp = {Mon, 22 Oct 2018 01:00:00 +0200},
 title = {Table-to-Text Generation by Structure-Aware Seq2seq Learning},
 url = {https://www.aaai.org/ocs/index.php/AAAI/AAAI18/paper/view/16599},
 year = {2018}
}

@inproceedings{lt,
 author = {Lukasz Kaiser and
Samy Bengio and
Aurko Roy and
Ashish Vaswani and
Niki Parmar and
Jakob Uszkoreit and
Noam Shazeer},
 bibsource = {dblp computer science bibliography, https://dblp.org},
 biburl = {https://dblp.org/rec/conf/icml/KaiserBRVPUS18.bib},
 booktitle = {Proceedings of the 35th International Conference on Machine Learning,
{ICML} 2018, Stockholmsm{\"{a}}ssan, Stockholm, Sweden, July 10-15,
2018},
 editor = {Jennifer G. Dy and
Andreas Krause},
 pages = {2395--2404},
 publisher = {{PMLR}},
 series = {Proceedings of Machine Learning Research},
 timestamp = {Wed, 03 Apr 2019 01:00:00 +0200},
 title = {Fast Decoding in Sequence Models Using Discrete Latent Variables},
 url = {http://proceedings.mlr.press/v80/kaiser18a.html},
 volume = {80},
 year = {2018}
}

@article{lv_nar,
 author = {Raphael Shu and Jason Lee and Hideki Nakayama and Kyunghyun Cho},
 journal = {arXiv preprint arXiv:1908.07181},
 title = {Latent-Variable Non-Autoregressive Neural Machine Translation with Deterministic Inference using a Delta Posterior},
 url = {https://arxiv.org/pdf/1908.07181.pdf},
 year = {2019}
}

@inproceedings{Moses,
 address = {Prague, Czech Republic},
 author = {Koehn, Philipp  and
Hoang, Hieu  and
Birch, Alexandra  and
Callison-Burch, Chris  and
Federico, Marcello  and
Bertoldi, Nicola  and
Cowan, Brooke  and
Shen, Wade  and
Moran, Christine  and
Zens, Richard  and
Dyer, Chris  and
Bojar, Ond{\v{r}}ej  and
Constantin, Alexandra  and
Herbst, Evan},
 booktitle = {Proceedings of the 45th Annual Meeting of the Association for Computational Linguistics Companion Volume Proceedings of the Demo and Poster Sessions},
 pages = {177--180},
 publisher = {Association for Computational Linguistics},
 title = {{M}oses: Open Source Toolkit for Statistical Machine Translation},
 url = {https://www.aclweb.org/anthology/P07-2045},
 year = {2007}
}

@inproceedings{nair2010rectified,
 author = {Vinod Nair and
Geoffrey E. Hinton},
 bibsource = {dblp computer science bibliography, https://dblp.org},
 biburl = {https://dblp.org/rec/conf/icml/NairH10.bib},
 booktitle = {Proceedings of the 27th International Conference on Machine Learning
(ICML-10), June 21-24, 2010, Haifa, Israel},
 editor = {Johannes F{\"{u}}rnkranz and
Thorsten Joachims},
 pages = {807--814},
 publisher = {Omnipress},
 timestamp = {Wed, 03 Apr 2019 01:00:00 +0200},
 title = {Rectified Linear Units Improve Restricted Boltzmann Machines},
 url = {https://icml.cc/Conferences/2010/papers/432.pdf},
 year = {2010}
}

@inproceedings{nat,
 author = {Jiatao Gu and
James Bradbury and
Caiming Xiong and
Victor O. K. Li and
Richard Socher},
 bibsource = {dblp computer science bibliography, https://dblp.org},
 biburl = {https://dblp.org/rec/conf/iclr/Gu0XLS18.bib},
 booktitle = {6th International Conference on Learning Representations, {ICLR} 2018,
Vancouver, BC, Canada, April 30 - May 3, 2018, Conference Track Proceedings},
 publisher = {OpenReview.net},
 timestamp = {Thu, 25 Jul 2019 01:00:00 +0200},
 title = {Non-Autoregressive Neural Machine Translation},
 url = {https://openreview.net/forum?id=B1l8BtlCb},
 year = {2018}
}

@inproceedings{nat_crf,
 author = {Zhiqing Sun and
Zhuohan Li and
Haoqing Wang and
Di He and
Zi Lin and
Zhi{-}Hong Deng},
 bibsource = {dblp computer science bibliography, https://dblp.org},
 biburl = {https://dblp.org/rec/conf/nips/SunLWHLD19.bib},
 booktitle = {Advances in Neural Information Processing Systems 32: Annual Conference
on Neural Information Processing Systems 2019, NeurIPS 2019, December
8-14, 2019, Vancouver, BC, Canada},
 editor = {Hanna M. Wallach and
Hugo Larochelle and
Alina Beygelzimer and
Florence d'Alch{\'{e}}{-}Buc and
Emily B. Fox and
Roman Garnett},
 pages = {3011--3020},
 timestamp = {Thu, 21 Jan 2021 00:00:00 +0100},
 title = {Fast Structured Decoding for Sequence Models},
 url = {https://proceedings.neurips.cc/paper/2019/hash/74563ba21a90da13dacf2a73e3ddefa7-Abstract.html},
 year = {2019}
}

@inproceedings{nat_reg,
 author = {Wang, Yiren and Tian, Fei and He, Di and Qin, Tao and Zhai, ChengXiang and Liu, Tie-Yan},
 booktitle = {AAAI},
 title = {Non-autoregressive machine translation with auxiliary regularization},
 url = {https://arxiv.org/pdf/1902.10245.pdf},
 year = {2019}
}

@inproceedings{oord2018parallel,
 author = {A{\"{a}}ron van den Oord and
Yazhe Li and
Igor Babuschkin and
Karen Simonyan and
Oriol Vinyals and
Koray Kavukcuoglu and
George van den Driessche and
Edward Lockhart and
Luis C. Cobo and
Florian Stimberg and
Norman Casagrande and
Dominik Grewe and
Seb Noury and
Sander Dieleman and
Erich Elsen and
Nal Kalchbrenner and
Heiga Zen and
Alex Graves and
Helen King and
Tom Walters and
Dan Belov and
Demis Hassabis},
 bibsource = {dblp computer science bibliography, https://dblp.org},
 biburl = {https://dblp.org/rec/conf/icml/OordLBSVKDLCSCG18.bib},
 booktitle = {Proceedings of the 35th International Conference on Machine Learning,
{ICML} 2018, Stockholmsm{\"{a}}ssan, Stockholm, Sweden, July 10-15,
2018},
 editor = {Jennifer G. Dy and
Andreas Krause},
 pages = {3915--3923},
 publisher = {{PMLR}},
 series = {Proceedings of Machine Learning Research},
 timestamp = {Wed, 03 Apr 2019 01:00:00 +0200},
 title = {Parallel WaveNet: Fast High-Fidelity Speech Synthesis},
 url = {http://proceedings.mlr.press/v80/oord18a.html},
 volume = {80},
 year = {2018}
}

@article{pnat,
 author = {Bao, Yu and Zhou, Hao and Feng, Jiangtao and Wang, Mingxuan and Huang, Shujian and Chen, Jiajun and Li, Lei},
 journal = {arXiv preprint arXiv:1911.10677},
 title = {Non-autoregressive transformer by position learning},
 url = {https://arxiv.org/pdf/1911.10677.pdf},
 year = {2019}
}

@inproceedings{pointer,
 author = {Oriol Vinyals and
Meire Fortunato and
Navdeep Jaitly},
 bibsource = {dblp computer science bibliography, https://dblp.org},
 biburl = {https://dblp.org/rec/conf/nips/VinyalsFJ15.bib},
 booktitle = {Advances in Neural Information Processing Systems 28: Annual Conference
on Neural Information Processing Systems 2015, December 7-12, 2015,
Montreal, Quebec, Canada},
 editor = {Corinna Cortes and
Neil D. Lawrence and
Daniel D. Lee and
Masashi Sugiyama and
Roman Garnett},
 pages = {2692--2700},
 timestamp = {Thu, 21 Jan 2021 00:00:00 +0100},
 title = {Pointer Networks},
 url = {https://proceedings.neurips.cc/paper/2015/hash/29921001f2f04bd3baee84a12e98098f-Abstract.html},
 year = {2015}
}

@article{rasooli-tetrault-2015,
 author = {Mohammad Sadegh Rasooli and Joel R. Tetreault},
 journal = {Computing Research Repository},
 note = {version 2},
 title = {Yara Parser: {A} Fast and Accurate Dependency Parser},
 url = {http://arxiv.org/abs/1503.06733},
 volume = {arXiv:1503.06733},
 year = {2015}
}

@inproceedings{rnn_search,
 address = {Doha, Qatar},
 author = {Cho, Kyunghyun  and
van Merri{\"e}nboer, Bart  and
Gulcehre, Caglar  and
Bahdanau, Dzmitry  and
Bougares, Fethi  and
Schwenk, Holger  and
Bengio, Yoshua},
 booktitle = {Proceedings of the 2014 Conference on Empirical Methods in Natural Language Processing ({EMNLP})},
 doi = {10.3115/v1/D14-1179},
 pages = {1724--1734},
 publisher = {Association for Computational Linguistics},
 title = {Learning Phrase Representations using {RNN} Encoder{--}Decoder for Statistical Machine Translation},
 url = {https://www.aclweb.org/anthology/D14-1179},
 year = {2014}
}

@inproceedings{shao2019retrieving,
 address = {Florence, Italy},
 author = {Shao, Chenze  and
Feng, Yang  and
Zhang, Jinchao  and
Meng, Fandong  and
Chen, Xilin  and
Zhou, Jie},
 booktitle = {Proceedings of the 57th Annual Meeting of the Association for Computational Linguistics},
 doi = {10.18653/v1/P19-1288},
 pages = {3013--3024},
 publisher = {Association for Computational Linguistics},
 title = {Retrieving Sequential Information for Non-Autoregressive Neural Machine Translation},
 url = {https://www.aclweb.org/anthology/P19-1288},
 year = {2019}
}

@inproceedings{shaw2018self,
 address = {New Orleans, Louisiana},
 author = {Shaw, Peter  and
Uszkoreit, Jakob  and
Vaswani, Ashish},
 booktitle = {Proceedings of the 2018 Conference of the North {A}merican Chapter of the Association for Computational Linguistics: Human Language Technologies, Volume 2 (Short Papers)},
 doi = {10.18653/v1/N18-2074},
 pages = {464--468},
 publisher = {Association for Computational Linguistics},
 title = {Self-Attention with Relative Position Representations},
 url = {https://www.aclweb.org/anthology/N18-2074},
 year = {2018}
}

@inproceedings{shen2017conditional,
 address = {Vancouver, Canada},
 author = {Shen, Xiaoyu  and
Su, Hui  and
Li, Yanran  and
Li, Wenjie  and
Niu, Shuzi  and
Zhao, Yang  and
Aizawa, Akiko  and
Long, Guoping},
 booktitle = {Proceedings of the 55th Annual Meeting of the Association for Computational Linguistics (Volume 2: Short Papers)},
 doi = {10.18653/v1/P17-2080},
 pages = {504--509},
 publisher = {Association for Computational Linguistics},
 title = {A Conditional Variational Framework for Dialog Generation},
 url = {https://www.aclweb.org/anthology/P17-2080},
 year = {2017}
}

@inproceedings{shen2018straight,
 address = {Melbourne, Australia},
 author = {Shen, Yikang  and
Lin, Zhouhan  and
Jacob, Athul Paul  and
Sordoni, Alessandro  and
Courville, Aaron  and
Bengio, Yoshua},
 booktitle = {Proceedings of the 56th Annual Meeting of the Association for Computational Linguistics (Volume 1: Long Papers)},
 doi = {10.18653/v1/P18-1108},
 pages = {1171--1180},
 publisher = {Association for Computational Linguistics},
 title = {Straight to the Tree: Constituency Parsing with Neural Syntactic Distance},
 url = {https://www.aclweb.org/anthology/P18-1108},
 year = {2018}
}

@inproceedings{sundermeyer2012lstm,
 author = {Sundermeyer, Martin and Schl{\"u}ter, Ralf and Ney, Hermann},
 booktitle = {InterSpeech},
 title = {LSTM neural networks for language modeling},
 url = {},
 year = {2012}
}

@inproceedings{syn_st,
 address = {Florence, Italy},
 author = {Akoury, Nader  and
Krishna, Kalpesh  and
Iyyer, Mohit},
 booktitle = {Proceedings of the 57th Annual Meeting of the Association for Computational Linguistics},
 doi = {10.18653/v1/P19-1122},
 pages = {1269--1281},
 publisher = {Association for Computational Linguistics},
 title = {Syntactically Supervised Transformers for Faster Neural Machine Translation},
 url = {https://www.aclweb.org/anthology/P19-1122},
 year = {2019}
}

@inproceedings{table_data,
 author = {Tianyu Liu and
Kexiang Wang and
Lei Sha and
Baobao Chang and
Zhifang Sui},
 bibsource = {dblp computer science bibliography, https://dblp.org},
 biburl = {https://dblp.org/rec/conf/aaai/LiuWSCS18.bib},
 booktitle = {Proceedings of the Thirty-Second {AAAI} Conference on Artificial Intelligence,
(AAAI-18), the 30th innovative Applications of Artificial Intelligence
(IAAI-18), and the 8th {AAAI} Symposium on Educational Advances in
Artificial Intelligence (EAAI-18), New Orleans, Louisiana, USA, February
2-7, 2018},
 editor = {Sheila A. McIlraith and
Kilian Q. Weinberger},
 pages = {4881--4888},
 publisher = {{AAAI} Press},
 timestamp = {Mon, 22 Oct 2018 01:00:00 +0200},
 title = {Table-to-Text Generation by Structure-Aware Seq2seq Learning},
 url = {https://www.aaai.org/ocs/index.php/AAAI/AAAI18/paper/view/16599},
 year = {2018}
}

@inproceedings{transformer,
 author = {Ashish Vaswani and
Noam Shazeer and
Niki Parmar and
Jakob Uszkoreit and
Llion Jones and
Aidan N. Gomez and
Lukasz Kaiser and
Illia Polosukhin},
 bibsource = {dblp computer science bibliography, https://dblp.org},
 biburl = {https://dblp.org/rec/conf/nips/VaswaniSPUJGKP17.bib},
 booktitle = {Advances in Neural Information Processing Systems 30: Annual Conference
on Neural Information Processing Systems 2017, December 4-9, 2017,
Long Beach, CA, {USA}},
 editor = {Isabelle Guyon and
Ulrike von Luxburg and
Samy Bengio and
Hanna M. Wallach and
Rob Fergus and
S. V. N. Vishwanathan and
Roman Garnett},
 pages = {5998--6008},
 timestamp = {Thu, 21 Jan 2021 00:00:00 +0100},
 title = {Attention is All you Need},
 url = {https://proceedings.neurips.cc/paper/2017/hash/3f5ee243547dee91fbd053c1c4a845aa-Abstract.html},
 year = {2017}
}

@article{viterbi1967error,
 author = {Viterbi, Andrew},
 journal = {IEEE transactions on Information Theory},
 number = {2},
 pages = {260--269},
 publisher = {IEEE},
 title = {Error bounds for convolutional codes and an asymptotically optimum decoding algorithm},
 volume = {13},
 year = {1967}
}

@inproceedings{vmeasure,
 address = {Prague, Czech Republic},
 author = {Rosenberg, Andrew  and
Hirschberg, Julia},
 booktitle = {Proceedings of the 2007 Joint Conference on Empirical Methods in Natural Language Processing and Computational Natural Language Learning ({EMNLP}-{C}o{NLL})},
 pages = {410--420},
 publisher = {Association for Computational Linguistics},
 title = {{V}-Measure: A Conditional Entropy-Based External Cluster Evaluation Measure},
 url = {https://www.aclweb.org/anthology/D07-1043},
 year = {2007}
}

@article{vqvae,
 author = {Roy, Aurko and Vaswani, Ashish and Parmar, Niki and Neelakantan, Arvind},
 journal = {arXiv},
 title = {Towards a better understanding of Vector Quantized Autoencoders},
 url = {https://openreview.net/pdf?id=HkGGfhC5Y7},
 year = {2018}
}

@article{wainwright2008graphical,
 author = {Wainwright, Martin J and Jordan, Michael I and others},
 journal = {Foundations and Trends{\textregistered} in Machine Learning},
 number = {1--2},
 pages = {1--305},
 publisher = {Now Publishers, Inc.},
 title = {Graphical models, exponential families, and variational inference},
 url = {https://people.eecs.berkeley.edu/~wainwrig/Papers/WaiJor08_FTML.pdf},
 volume = {1},
 year = {2008}
}

@article{wyner1978definition,
 author = {Wyner, Aaron D},
 journal = {Information and Control},
 number = {1},
 pages = {51--59},
 publisher = {Elsevier},
 title = {A definition of conditional mutual information for arbitrary ensembles},
 url = {https://core.ac.uk/download/pdf/82663114.pdf},
 volume = {38},
 year = {1978}
}

