
@article{LIGOScientific:2021psn,
    author = "Abbott, R. and others",
    collaboration = "LIGO Scientific, VIRGO, KAGRA",
    title = "{The population of merging compact binaries inferred using gravitational waves through GWTC-3}",
    eprint = "2111.03634",
    archivePrefix = "arXiv",
    primaryClass = "astro-ph.HE",
    reportNumber = "LIGO-P2100239 ; Data release: https://zenodo.org/record/5655785, LIGO-P2100239",
    month = "11",
    year = "2021"
}

@article{LIGOScientific:2021djp,
    author = "Abbott, R. and others",
    collaboration = "LIGO Scientific, VIRGO, KAGRA",
    title = "{GWTC-3: Compact Binary Coalescences Observed by LIGO and Virgo During the Second Part of the Third Observing Run}",
    eprint = "2111.03606",
    archivePrefix = "arXiv",
    primaryClass = "gr-qc",
    reportNumber = "LIGO-P2000318",
    month = "11",
    year = "2021"
}

@article{LIGOScientific:2021sio,
    author = "Abbott, R. and others",
    collaboration = "LIGO Scientific, VIRGO, KAGRA",
    title = "{Tests of General Relativity with GWTC-3}",
    eprint = "2112.06861",
    archivePrefix = "arXiv",
    primaryClass = "gr-qc",
    reportNumber = "LIGO-P2100275",
    month = "12",
    year = "2021"
}

@article{Nitz:2021zwj,
    author = {Nitz, Alexander H. and Kumar, Sumit and Wang, Yi-Fan and Kastha, Shilpa and Wu, Shichao and Sch\"afer, Marlin and Dhurkunde, Rahul and Capano, Collin D.},
    title = "{4-OGC: Catalog of gravitational waves from compact-binary mergers}",
    eprint = "2112.06878",
    archivePrefix = "arXiv",
    primaryClass = "astro-ph.HE",
    month = "12",
    year = "2021"
}

@article{Olsen:2022pin,
    author = "Olsen, Seth and Venumadhav, Tejaswi and Mushkin, Jonathan and Roulet, Javier and Zackay, Barak and Zaldarriaga, Matias",
    title = "{New binary black hole mergers in the LIGO--Virgo O3a data}",
    eprint = "2201.02252",
    archivePrefix = "arXiv",
    primaryClass = "astro-ph.HE",
    month = "1",
    year = "2022"
}

@article{Biscoveanu:2020are,
    author = "Biscoveanu, Sylvia and Isi, Maximiliano and Vitale, Salvatore and Varma, Vijay",
    title = "{New Spin on LIGO-Virgo Binary Black Holes}",
    eprint = "2007.09156",
    archivePrefix = "arXiv",
    primaryClass = "astro-ph.HE",
    reportNumber = "LIGO document number P2000247",
    doi = "10.1103/PhysRevLett.126.171103",
    journal = "Phys. Rev. Lett.",
    volume = "126",
    number = "17",
    pages = "171103",
    year = "2021"
}

@ARTICLE{61115, 
author={J. {Lin}}, 
journal={IEEE Transactions on Information Theory}, 
title={Divergence measures based on the Shannon entropy}, 
year={1991}, 
volume={37}, 
number={1}, 
pages={145-151}, 
keywords={entropy;information theory;information theory;Shannon entropy;divergence measures;variational distance;probability of misclassification error;nonnegativity;finiteness;semiboundedness;boundedness;Entropy;Probability distribution;Upper bound;Pattern analysis;Signal analysis;Signal processing;Pattern recognition;Taxonomy;Genetics;Computer science}, 
doi={10.1109/18.61115}, 
ISSN={1557-9654}, 
month={Jan}
}

@article{kullback1951,
author = "Kullback, S. and Leibler, R. A.",
doi = "10.1214/aoms/1177729694",
fjournal = "The Annals of Mathematical Statistics",
journal = "Ann. Math. Statist.",
month = "03",
number = "1",
pages = "79--86",
publisher = "The Institute of Mathematical Statistics",
title = "On Information and Sufficiency",
url = "https://doi.org/10.1214/aoms/1177729694",
volume = "22",
year = "1951"
}


@article{Roulet:2021hcu,
    author = "Roulet, Javier and Chia, Horng Sheng and Olsen, Seth and Dai, Liang and Venumadhav, Tejaswi and Zackay, Barak and Zaldarriaga, Matias",
    title = "{Distribution of effective spins and masses of binary black holes from the LIGO and Virgo O1\textendash{}O3a observing runs}",
    eprint = "2105.10580",
    archivePrefix = "arXiv",
    primaryClass = "astro-ph.HE",
    doi = "10.1103/PhysRevD.104.083010",
    journal = "Phys. Rev. D",
    volume = "104",
    number = "8",
    pages = "083010",
    year = "2021"
}

@article{Galaudage:2021rkt,
    author = "Galaudage, Shanika and Talbot, Colm and Nagar, Tushar and Jain, Deepnika and Thrane, Eric and Mandel, Ilya",
    title = "{Building Better Spin Models for Merging Binary Black Holes: Evidence for Nonspinning and Rapidly Spinning Nearly Aligned Subpopulations}",
    eprint = "2109.02424",
    archivePrefix = "arXiv",
    primaryClass = "gr-qc",
    doi = "10.3847/2041-8213/ac2f3c",
    journal = "Astrophys. J. Lett.",
    volume = "921",
    number = "1",
    pages = "L15",
    year = "2021"
}

@article{Miller:2020zox,
    author = "Miller, Simona and Callister, Thomas A. and Farr, Will",
    title = "{The Low Effective Spin of Binary Black Holes and Implications for Individual Gravitational-Wave Events}",
    eprint = "2001.06051",
    archivePrefix = "arXiv",
    primaryClass = "astro-ph.HE",
    doi = "10.3847/1538-4357/ab80c0",
    journal = "Astrophys. J.",
    volume = "895",
    number = "2",
    pages = "128",
    year = "2020"
}

@article{Safarzadeh:2020mlb,
    author = "Safarzadeh, Mohammadtaher and Farr, Will M. and Ramirez-Ruiz, Enrico",
    title = "{A trend in the effective spin distribution of LIGO binary black holes with mass}",
    eprint = "2001.06490",
    archivePrefix = "arXiv",
    primaryClass = "gr-qc",
    doi = "10.3847/1538-4357/ab80be",
    journal = "Astrophys. J.",
    volume = "894",
    number = "2",
    pages = "129",
    year = "2020"
}

@article{Franciolini:2022iaa,
    author = "Franciolini, G. and Pani, P.",
    title = "{Searching for mass-spin correlations in the population of gravitational-wave events: the {GWTC-3} case study}",
    eprint = "2201.13098",
    archivePrefix = "arXiv",
    primaryClass = "astro-ph.HE",
    month = "1",
    year = "2022"
}

@article{Callister:2021fpo,
    author = "Callister, Thomas A. and Haster, Carl-Johan and Ng, Ken K. Y. and Vitale, Salvatore and Farr, Will M.",
    title = "{Who Ordered That? Unequal-mass Binary Black Hole Mergers Have Larger Effective Spins}",
    eprint = "2106.00521",
    archivePrefix = "arXiv",
    primaryClass = "astro-ph.HE",
    doi = "10.3847/2041-8213/ac2ccc",
    journal = "Astrophys. J. Lett.",
    volume = "922",
    number = "1",
    pages = "L5",
    year = "2021"
}

@article{LIGOScientific:2020ibl,
    author = "Abbott, R. and others",
    collaboration = "LIGO Scientific, Virgo",
    title = "{GWTC-2: Compact Binary Coalescences Observed by LIGO and Virgo During the First Half of the Third Observing Run}",
    eprint = "2010.14527",
    archivePrefix = "arXiv",
    primaryClass = "gr-qc",
    reportNumber = "P2000061",
    doi = "10.1103/PhysRevX.11.021053",
    journal = "Phys. Rev. X",
    volume = "11",
    pages = "021053",
    year = "2021"
}

@article{Pardo:2018ipy,
    author = "Pardo, Kris and Fishbach, Maya and Holz, Daniel E. and Spergel, David N.",
    title = "{Limits on the number of spacetime dimensions from GW170817}",
    eprint = "1801.08160",
    archivePrefix = "arXiv",
    primaryClass = "gr-qc",
    doi = "10.1088/1475-7516/2018/07/048",
    journal = "JCAP",
    volume = "07",
    pages = "048",
    year = "2018"
}

@article{TheLIGOScientific:2014jea,
      author         = "Aasi, J. and others",
      title          = "{Advanced LIGO}",
      collaboration  = "LIGO Scientific",
      journal        = "Class. Quant. Grav.",
      volume         = "32",
      year           = "2015",
      pages          = "074001",
      doi            = "10.1088/0264-9381/32/7/074001",
      eprint         = "1411.4547",
      archivePrefix  = "arXiv",
      primaryClass   = "gr-qc",
      SLACcitation   = "%%CITATION = ARXIV:1411.4547;%%"
}
@article{TheVirgo:2014hva,
      author         = "Acernese, F. and others",
      title          = "{Advanced Virgo: a second-generation interferometric
                        gravitational wave detector}",
      collaboration  = "VIRGO",
      journal        = "Class. Quant. Grav.",
      volume         = "32",
      year           = "2015",
      number         = "2",
      pages          = "024001",
      doi            = "10.1088/0264-9381/32/2/024001",
      eprint         = "1408.3978",
      archivePrefix  = "arXiv",
      primaryClass   = "gr-qc",
      SLACcitation   = "%%CITATION = ARXIV:1408.3978;%%"
}

@article{Somiya:2011np,
    author = "Somiya, Kentaro",
    editor = "Hannam, Mark and Sutton, Patrick and Hild, Stefan and van den Broeck, Chris",
    collaboration = "KAGRA",
    title = "{Detector configuration of KAGRA: The Japanese cryogenic gravitational-wave detector}",
    eprint = "1111.7185",
    archivePrefix = "arXiv",
    primaryClass = "gr-qc",
    doi = "10.1088/0264-9381/29/12/124007",
    journal = "Class. Quant. Grav.",
    volume = "29",
    pages = "124007",
    year = "2012"
}

@article{Aso:2013eba,
    author = "Aso, Yoichi and Michimura, Yuta and Somiya, Kentaro and Ando, Masaki and Miyakawa, Osamu and Sekiguchi, Takanori and Tatsumi, Daisuke and Yamamoto, Hiroaki",
    collaboration = "KAGRA",
    title = "{Interferometer design of the KAGRA gravitational wave detector}",
    eprint = "1306.6747",
    archivePrefix = "arXiv",
    primaryClass = "gr-qc",
    doi = "10.1103/PhysRevD.88.043007",
    journal = "Phys. Rev. D",
    volume = "88",
    number = "4",
    pages = "043007",
    year = "2013"
}

@article{Akutsu:2017kpk,
   title={Construction of KAGRA: an underground gravitational-wave observatory},
   volume={2018},
   ISSN={2050-3911},
   url={http://dx.doi.org/10.1093/ptep/ptx180},
   DOI={10.1093/ptep/ptx180},
   number={1},
   journal={Progress of Theoretical and Experimental Physics},
   publisher={Oxford University Press (OUP)},
   author={Akutsu, T and Ando, M and Araki, S and Araya, A and Arima, T and Aritomi, N and Asada, H and Aso, Y and Atsuta, S and Awai, K and et al.},
   year={2018},
   month={Jan}
}

@article{LIGOScientific:2017zic,
    author = "Abbott, B. P. and others",
    collaboration = "LIGO Scientific, Virgo, Fermi-GBM, INTEGRAL",
    title = "{Gravitational Waves and Gamma-rays from a Binary Neutron Star Merger: GW170817 and GRB 170817A}",
    eprint = "1710.05834",
    archivePrefix = "arXiv",
    primaryClass = "astro-ph.HE",
    reportNumber = "LIGO-P1700308",
    doi = "10.3847/2041-8213/aa920c",
    journal = "Astrophys. J. Lett.",
    volume = "848",
    number = "2",
    pages = "L13",
    year = "2017"
}
@article{Fryer:2000my,
    author = "Fryer, C. L. and Woosley, S. E. and Heger, A.",
    title = "{Pair instability supernovae, gravity waves, and gamma-ray transients}",
    eprint = "astro-ph/0007176",
    archivePrefix = "arXiv",
    doi = "10.1086/319719",
    journal = "Astrophys. J.",
    volume = "550",
    pages = "372--382",
    year = "2001"
}

@article{Schutz:2011tw,
    author = "Schutz, Bernard F.",
    title = "{Networks of gravitational wave detectors and three figures of merit}",
    eprint = "1102.5421",
    archivePrefix = "arXiv",
    primaryClass = "astro-ph.IM",
    reportNumber = "AEI-2011-008",
    doi = "10.1088/0264-9381/28/12/125023",
    journal = "Class. Quant. Grav.",
    volume = "28",
    pages = "125023",
    year = "2011"
}

@book{Maggiore:2007ulw,
    author = "Maggiore, Michele",
    title = "{Gravitational Waves. Vol. 1: Theory and Experiments}",
    isbn = "978-0-19-857074-5, 978-0-19-852074-0",
    publisher = "Oxford University Press",
    series = "Oxford Master Series in Physics",
    year = "2007"
}

@article{Okounkova:2021xjv,
    author = "Okounkova, Maria and Farr, Will M. and Isi, Maximiliano and Stein, Leo C.",
    title = "{Constraining gravitational wave amplitude birefringence and Chern-Simons gravity with GWTC-2}",
    eprint = "2101.11153",
    archivePrefix = "arXiv",
    primaryClass = "gr-qc",
    month = "1",
    year = "2021"
}

@article{Vitale:2020aaz,
    author = "Vitale, Salvatore and Gerosa, Davide and Farr, Will M. and Taylor, Stephen R.",
    title = "{Inferring the properties of a population of compact binaries in presence of selection effects}",
    eprint = "2007.05579",
    archivePrefix = "arXiv",
    primaryClass = "astro-ph.IM",
    doi = "10.1007/978-981-15-4702-7\_45-1",
    month = "7",
    year = "2020"
}

@article{Fishbach:2018edt,
    author = "Fishbach, Maya and Holz, Daniel E. and Farr, Will M.",
    title = "{Does the Black Hole Merger Rate Evolve with Redshift?}",
    eprint = "1805.10270",
    archivePrefix = "arXiv",
    primaryClass = "astro-ph.HE",
    doi = "10.3847/2041-8213/aad800",
    journal = "Astrophys. J. Lett.",
    volume = "863",
    number = "2",
    pages = "L41",
    year = "2018"
}

@article{Mandel:2018mve,
    author = "Mandel, Ilya and Farr, Will M. and Gair, Jonathan R.",
    title = "{Extracting distribution parameters from multiple uncertain observations with selection biases}",
    eprint = "1809.02063",
    archivePrefix = "arXiv",
    primaryClass = "physics.data-an",
    doi = "10.1093/mnras/stz896",
    journal = "Mon. Not. Roy. Astron. Soc.",
    volume = "486",
    number = "1",
    pages = "1086--1093",
    year = "2019"
}

@ARTICLE{2019PASA...36...10T,
       author = {{Thrane}, Eric and {Talbot}, Colm},
        title = "{An introduction to Bayesian inference in gravitational-wave astronomy: Parameter estimation, model selection, and hierarchical models}",
      journal = {Publications of the Astronomical Society of Australia},
     keywords = {methods: statistical, gravitational waves, stars: black holes, stars: neutron, Astrophysics - Instrumentation and Methods for Astrophysics},
         year = 2019,
        month = mar,
       volume = {36},
          eid = {e010},
        pages = {e010},
          doi = {10.1017/pasa.2019.2},
archivePrefix = {arXiv},
       eprint = {1809.02293},
 primaryClass = {astro-ph.IM},
       adsurl = {https://ui.adsabs.harvard.edu/abs/2019PASA...36...10T},
      adsnote = {Provided by the SAO/NASA Astrophysics Data System}
}

@article{GWTC1Release,
    author = "Abbott, R. and others",
    collaboration = "LIGO Scientific, Virgo",
journal={ https://dcc.ligo.org/LIGO-P1800370/public},
title = {{Parameter estimation sample release for GWTC-1}},
}

@article{GWTC2Release,
    author = "Abbott, R. and others",
    collaboration = "LIGO Scientific, Virgo",
journal={https://dcc.ligo.org/LIGO-P2000223/public},
title = {{GWTC-2 Data Release: Parameter Estimation Samples and Skymaps}},
}

@dataset{ligo_scientific_collaboration_and_virgo_2021_5117703,
   author = "Abbott, R. and others",
    collaboration = "LIGO Scientific, Virgo",
  title        = {{GWTC-2.1: Deep Extended Catalog of Compact Binary 
                   Coalescences Observed by LIGO and Virgo During the
                   First Half of the Third Observing Run - Parameter
                   Estimation Data Release}},
  month        = jul,
  year         = 2021,
  publisher    = {Zenodo},
  version      = {v1},
  doi          = {10.5281/zenodo.5117703},
  url          = {https://doi.org/10.5281/zenodo.5117703}
}

@dataset{ligo_scientific_collaboration_and_virgo_2021_5546663,
   author = "Abbott, R. and others",
    collaboration = "LIGO Scientific, Virgo",
  title        = {{GWTC-3: Compact Binary Coalescences Observed by 
                   LIGO and Virgo During the Second Part of the Third
                   Observing Run — Parameter estimation data release}},
  month        = nov,
  year         = 2021,
  publisher    = {Zenodo},
  doi          = {10.5281/zenodo.5546663},
  url          = {https://doi.org/10.5281/zenodo.5546663}
}

@ARTICLE{2019RNAAS...3...66F,
       author = {{Farr}, Will M.},
        title = "{Accuracy Requirements for Empirically Measured Selection Functions}",
      journal = {Research Notes of the American Astronomical Society},
     keywords = {Astrophysics - Instrumentation and Methods for Astrophysics},
         year = 2019,
        month = may,
       volume = {3},
       number = {5},
          eid = {66},
        pages = {66},
          doi = {10.3847/2515-5172/ab1d5f},
archivePrefix = {arXiv},
       eprint = {1904.10879},
 primaryClass = {astro-ph.IM},
       adsurl = {https://ui.adsabs.harvard.edu/abs/2019RNAAS...3...66F},
      adsnote = {Provided by the SAO/NASA Astrophysics Data System}
}

@dataset{ligo_scientific_collaboration_and_virgo_2021_5546676,
   author = "Abbott, R. and others",
    collaboration = "LIGO Scientific, Virgo",
      title        = {{GWTC-3: Compact Binary Coalescences Observed by 
                   LIGO and Virgo During the Second Part of the Third
                   Observing Run — O3 search sensitivity estimates}},
  month        = nov,
  year         = 2021,
  publisher    = {Zenodo},
  doi          = {10.5281/zenodo.5546676},
  url          = {https://doi.org/10.5281/zenodo.5546676}
}

@dataset{ligo_scientific_collaboration_and_virgo_2021_5636816,
   author = "Abbott, R. and others",
    collaboration = "LIGO Scientific, Virgo",
      title        = {{GWTC-3: Compact Binary Coalescences Observed by 
                   LIGO and Virgo During the Second Part of the Third
                   Observing Run — O1+O2+O3 Search Sensitivity
                   Estimates}},
  month        = nov,
  year         = 2021,
  publisher    = {Zenodo},
  doi          = {10.5281/zenodo.5636816},
  url          = {https://doi.org/10.5281/zenodo.5636816}
}

@ARTICLE{2019PhRvD.100d3030T,
       author = {{Talbot}, Colm and {Smith}, Rory and {Thrane}, Eric and
         {Poole}, Gregory B.},
        title = "{Parallelized inference for gravitational-wave astronomy}",
      journal = {\prd},
         year = 2019,
        month = aug,
       volume = {100},
       number = {4},
          eid = {043030},
        pages = {043030},
          doi = {10.1103/PhysRevD.100.043030},
archivePrefix = {arXiv},
       eprint = {1904.02863},
 primaryClass = {astro-ph.IM},
}

@article{Talbot:2017yur,
    author = "Talbot, Colm and Thrane, Eric",
    title = "{Determining the population properties of spinning black holes}",
    eprint = "1704.08370",
    archivePrefix = "arXiv",
    primaryClass = "astro-ph.HE",
    doi = "10.1103/PhysRevD.96.023012",
    journal = "Phys. Rev. D",
    volume = "96",
    number = "2",
    pages = "023012",
    year = "2017"
}

@ARTICLE{2021arXiv211013542H,
       author = {{Hoy}, Charlie and {Fairhurst}, Stephen and {Hannam}, Mark and {Tiwari}, Vaibhav},
        title = "{Understanding how fast black holes spin by analysing data from the second gravitational-wave catalogue}",
      journal = {arXiv e-prints},
     keywords = {General Relativity and Quantum Cosmology},
         year = 2021,
        month = oct,
          eid = {arXiv:2110.13542},
        pages = {arXiv:2110.13542},
archivePrefix = {arXiv},
       eprint = {2110.13542},
 primaryClass = {gr-qc},
       adsurl = {https://ui.adsabs.harvard.edu/abs/2021arXiv211013542H},
      adsnote = {Provided by the SAO/NASA Astrophysics Data System}
}

@article{Vitale:2016aso,
    author = "Vitale, Salvatore",
    title = "{Three observational differences for binary black holes detections with second and third generation gravitational-wave detectors}",
    eprint = "1610.06914",
    archivePrefix = "arXiv",
    primaryClass = "gr-qc",
    doi = "10.1103/PhysRevD.94.121501",
    journal = "Phys. Rev. D",
    volume = "94",
    number = "12",
    pages = "121501",
    year = "2016"
}
@article{Schutz:2011tw,
    author = "Schutz, Bernard F.",
    title = "{Networks of gravitational wave detectors and three figures of merit}",
    eprint = "1102.5421",
    archivePrefix = "arXiv",
    primaryClass = "astro-ph.IM",
    reportNumber = "AEI-2011-008",
    doi = "10.1088/0264-9381/28/12/125023",
    journal = "Class. Quant. Grav.",
    volume = "28",
    pages = "125023",
    year = "2011"
}
@article{Alexander:2009tp,
    author = "Alexander, Stephon and Yunes, Nicolas",
    title = "{Chern-Simons Modified General Relativity}",
    eprint = "0907.2562",
    archivePrefix = "arXiv",
    primaryClass = "hep-th",
    doi = "10.1016/j.physrep.2009.07.002",
    journal = "Phys. Rept.",
    volume = "480",
    pages = "1--55",
    year = "2009"
}

@article{Zhao:2019xmm,
    author = "Zhao, Wen and Zhu, Tao and Qiao, Jin and Wang, Anzhong",
    title = "{Waveform of gravitational waves in the general parity-violating gravities}",
    eprint = "1909.10887",
    archivePrefix = "arXiv",
    primaryClass = "gr-qc",
    doi = "10.1103/PhysRevD.101.024002",
    journal = "Phys. Rev. D",
    volume = "101",
    number = "2",
    pages = "024002",
    year = "2020"
}

@article{Talbot:2018cva,
    author = "Talbot, Colm and Thrane, Eric",
    title = "{Measuring the binary black hole mass spectrum with an astrophysically motivated parameterization}",
    eprint = "1801.02699",
    archivePrefix = "arXiv",
    primaryClass = "astro-ph.HE",
    doi = "10.3847/1538-4357/aab34c",
    journal = "Astrophys. J.",
    volume = "856",
    number = "2",
    pages = "173",
    year = "2018"
}

@article{Wysocki:2018,
  title = {Reconstructing phenomenological distributions of compact binaries via gravitational wave observations},
  author = {Wysocki, Daniel and Lange, Jacob and O'Shaughnessy, Richard},
  journal = {Phys. Rev. D},
  volume = {100},
  issue = {4},
  pages = {043012},
  numpages = {21},
  year = {2019},
  month = {Aug},
  publisher = {American Physical Society},
  doi = {10.1103/PhysRevD.100.043012},
  url = {https://link.aps.org/doi/10.1103/PhysRevD.100.043012}
}

@article{Fishbach:2019bbm,
    author = "Fishbach, Maya and Holz, Daniel E.",
    title = "{Picky Partners: The Pairing of Component Masses in Binary Black Hole Mergers}",
    eprint = "1905.12669",
    archivePrefix = "arXiv",
    primaryClass = "astro-ph.HE",
    reportNumber = "LIGO-P1900156",
    doi = "10.3847/2041-8213/ab7247",
    journal = "Astrophys. J. Lett.",
    volume = "891",
    number = "1",
    pages = "L27",
    year = "2020"
}

@article{Tiwari:2020otp,
    author = "Tiwari, Vaibhav and Fairhurst, Stephen",
    title = "{The Emergence of Structure in the Binary Black Hole Mass Distribution}",
    eprint = "2011.04502",
    archivePrefix = "arXiv",
    primaryClass = "astro-ph.HE",
    doi = "10.3847/2041-8213/abfbe7",
    journal = "Astrophys. J. Lett.",
    volume = "913",
    number = "2",
    pages = "L19",
    year = "2021"
}

@article{Li:2021ukd,
    author = "Li, Yin-Jie and Wang, Yuan-Zhu and Han, Ming-Zhe and Tang, Shao-Peng and Yuan, Qiang and Fan, Yi-Zhong and Wei, Da-Ming",
    title = "{A Flexible Gaussian Process Reconstruction Method and the Mass Function of the Coalescing Binary Black Hole Systems}",
    eprint = "2104.02969",
    archivePrefix = "arXiv",
    primaryClass = "astro-ph.HE",
    doi = "10.3847/1538-4357/ac0971",
    journal = "Astrophys. J.",
    volume = "917",
    number = "1",
    pages = "33",
    year = "2021"
}

@article{Veske:2021qis,
    author = "Veske, Do\u{g}a and Bartos, Imre and M\'arka, Zsuzsa and M\'arka, Szabolcs",
    title = "{Characterizing the Observation Bias in Gravitational-wave Detections and Finding Structured Population Properties}",
    eprint = "2105.13983",
    archivePrefix = "arXiv",
    primaryClass = "gr-qc",
    doi = "10.3847/1538-4357/ac27ac",
    journal = "Astrophys. J.",
    volume = "922",
    number = "2",
    pages = "258",
    year = "2021"
}

@article{Edelman:2021zkw,
    author = "Edelman, Bruce and Doctor, Zoheyr and Godfrey, Jaxen and Farr, Ben",
    title = "{Ain\textquoteright{}t No Mountain High Enough: Semiparametric Modeling of LIGO\textendash{}Virgo\textquoteright{}s Binary Black Hole Mass Distribution}",
    eprint = "2109.06137",
    archivePrefix = "arXiv",
    primaryClass = "astro-ph.HE",
    reportNumber = "LIGO-P2100300",
    doi = "10.3847/1538-4357/ac3667",
    journal = "Astrophys. J.",
    volume = "924",
    number = "2",
    pages = "101",
    year = "2022"
}

@article{Speagle_2020,
    author = {Speagle, Joshua S},
    title = "{dynesty: a dynamic nested sampling package for estimating Bayesian posteriors and evidences}",
    journal = {MNRAS},
    volume = {493},
    number = {3},
    pages = {3132-3158},
    year = {2020},
    month = {02},
    abstract = "{We present dynesty, a public, open-source, python package to estimate Bayesian posteriors and evidences (marginal likelihoods) using the dynamic nested sampling methods developed by Higson et al. By adaptively allocating samples based on posterior structure, dynamic nested sampling has the benefits of Markov chain Monte Carlo (MCMC) algorithms that focus exclusively on posterior estimation while retaining nested sampling’s ability to estimate evidences and sample from complex, multimodal distributions. We provide an overview of nested sampling, its extension to dynamic nested sampling, the algorithmic challenges involved, and the various approaches taken to solve them in this and previous work. We then examine dynesty’s performance on a variety of toy problems along with several astronomical applications. We find in particular problems dynesty can provide substantial improvements in sampling efficiency compared to popular MCMC approaches in the astronomical literature. More detailed statistical results related to nested sampling are also included in the appendix.}",
    issn = {0035-8711},
    doi = {10.1093/mnras/staa278},
    url = {https://doi.org/10.1093/mnras/staa278},
    eprint = {https://academic.oup.com/mnras/article-pdf/493/3/3132/32890730/staa278.pdf},
}

@ARTICLE{2011ApJ...741..103F,
       author = {{Farr}, Will M. and {Sravan}, Niharika and {Cantrell}, Andrew and {Kreidberg}, Laura and {Bailyn}, Charles D. and {Mandel}, Ilya and {Kalogera}, Vicky},
        title = "{The Mass Distribution of Stellar-mass Black Holes}",
      journal = {\apj},
     keywords = {methods: data analysis, X-rays: binaries, Astrophysics - Astrophysics of Galaxies},
         year = 2011,
        month = nov,
       volume = {741},
       number = {2},
          eid = {103},
        pages = {103},
          doi = {10.1088/0004-637X/741/2/103},
archivePrefix = {arXiv},
       eprint = {1011.1459},
 primaryClass = {astro-ph.GA},
       adsurl = {https://ui.adsabs.harvard.edu/abs/2011ApJ...741..103F},
      adsnote = {Provided by the SAO/NASA Astrophysics Data System}
}


@ARTICLE{2010ApJ...725.1918O,
       author = {{{\"O}zel}, Feryal and {Psaltis}, Dimitrios and {Narayan}, Ramesh and {McClintock}, Jeffrey E.},
        title = "{The Black Hole Mass Distribution in the Galaxy}",
      journal = {\apj},
     keywords = {black hole physics, X-rays: binaries, Astrophysics - Astrophysics of Galaxies},
         year = 2010,
        month = dec,
       volume = {725},
       number = {2},
        pages = {1918-1927},
          doi = {10.1088/0004-637X/725/2/1918},
archivePrefix = {arXiv},
       eprint = {1006.2834},
 primaryClass = {astro-ph.GA},
       adsurl = {https://ui.adsabs.harvard.edu/abs/2010ApJ...725.1918O},
      adsnote = {Provided by the SAO/NASA Astrophysics Data System}
}

@article{Romero-Shaw:2020owr,
    author = "Romero-Shaw, I. M. and others",
    title = "{Bayesian inference for compact binary coalescences with bilby: validation and application to the first LIGO\textendash{}Virgo gravitational-wave transient catalogue}",
    eprint = "2006.00714",
    archivePrefix = "arXiv",
    primaryClass = "astro-ph.IM",
    doi = "10.1093/mnras/staa2850",
    journal = "Mon. Not. Roy. Astron. Soc.",
    volume = "499",
    number = "3",
    pages = "3295--3319",
    year = "2020"
}

@article{Farah:2021qom,
    author = "Farah, Amanda M. and Fishbach, Maya and Essick, Reed and Holz, Daniel E. and Galaudage, Shanika",
    title = "{Bridging the Gap: Categorizing Gravitational-Wave Events at the Transition Between Neutron Stars and Black Holes}",
    eprint = "2111.03498",
    archivePrefix = "arXiv",
    primaryClass = "astro-ph.HE",
    month = "11",
    year = "2021"
}