@article{hu2005efficient,
  title={Efficient, high-quality force-directed graph drawing},
  author={Hu, Yifan},
  journal={Mathematica Journal},
  volume={10},
  number={1},
  pages={37--71},
  year={2005},
  publisher={Redwood City, Ca.: Advanced Book Program, Addison-Wesley Pub. Co., c1990-}
}

@article{hachul2007large,
  title={Large-Graph Layout Algorithms at Work: An Experimental Study.},
  author={Hachul, Stefan and J{\"u}nger, Michael},
  journal={J. Graph Algorithms Appl.},
  volume={11},
  number={2},
  pages={345--369},
  year={2007}
}

@inproceedings{hachul2004drawing,
  title={Drawing large graphs with a potential-field-based multilevel algorithm},
  author={Hachul, Stefan and J{\"u}nger, Michael},
  booktitle={International Symposium on Graph Drawing},
  pages={285--295},
  year={2004},
  organization={Springer}
}

@article{gantz2012digital,
  title={The digital universe in 2020: Big data, bigger digital shadows, and biggest growth in the far east},
  author={Gantz, John and Reinsel, David},
  journal={IDC iView: IDC Analyze the future},
  volume={2007},
  number={2012},
  pages={1--16},
  year={2012}
}

@article{freeman2000visualizing,
  title={Visualizing social networks},
  author={Freeman, Linton C},
  journal={Journal of social structure},
  volume={1},
  number={1},
  pages={4},
  year={2000}
}

@misc{shiffrin2004mapping,
  title={Mapping knowledge domains},
  author={Shiffrin, Richard M and B{\"o}rner, Katy},
  year={2004},
  publisher={National Acad Sciences}
}



@article{adai2004lgl,
  title={{LGL}: creating a map of protein function with an algorithm for visualizing very large biological networks},
  author={Adai, Alex T and Date, Shailesh V and Wieland, Shannon and Marcotte, Edward M},
  journal={Journal of molecular biology},
  volume={340},
  number={1},
  pages={179--190},
  year={2004},
  publisher={Elsevier}
}

@article{fruchterman1991graph,
  title={Graph drawing by force-directed placement},
  author={Fruchterman, Thomas MJ and Reingold, Edward M},
  journal={Software: Practice and experience},
  volume={21},
  number={11},
  pages={1129--1164},
  year={1991},
  publisher={Wiley Online Library}
}

@book{battista1998graph,
  title={Graph {D}rawing: algorithms for the visualization of graphs},
  author={Battista, Giuseppe Di and Eades, Peter and Tamassia, Roberto and Tollis, Ioannis G},
  year={1998},
  publisher={Prentice Hall PTR}
}

@article{jacomy2014forceatlas2,
  title={Force{A}tlas2, a continuous graph layout algorithm for handy network visualization designed for the Gephi software},
  author={Jacomy, Mathieu and Venturini, Tommaso and Heymann, Sebastien and Bastian, Mathieu},
  journal={PloS one},
  volume={9},
  number={6},
  pages={e98679},
  year={2014},
  publisher={Public Library of Science}
}

@article{barnes1986hierarchical,
  title={A hierarchical O(NlogN) force-calculation algorithm},
  author={Barnes, Josh and Hut, Piet},
  journal={nature},
  volume={324},
  number={6096},
  pages={446},
  year={1986},
  publisher={Nature Publishing Group}
}

@article{arleo2017large,
  title={Large graph visualizations using a distributed computing platform},
  author={Arleo, Alessio and Didimo, Walter and Liotta, Giuseppe and Montecchiani, Fabrizio},
  journal={Information Sciences},
  volume={381},
  pages={124--141},
  year={2017},
  publisher={Elsevier}
}
@article{didimo2014fast,
  title={Fast layout computation of clustered networks: Algorithmic advances and experimental analysis},
  author={Didimo, Walter and Montecchiani, Fabrizio},
  journal={Information Sciences},
  volume={260},
  pages={185--199},
  year={2014},
  publisher={Elsevier}
}

@inproceedings{warren1993parallel,
  title={A parallel hashed oct-tree n-body algorithm},
  author={Warren, Michael S and Salmon, John K},
  booktitle={Supercomputing'93: Proceedings of the 1993 ACM/IEEE conference on Supercomputing},
  pages={12--21},
  year={1993},
  organization={IEEE}
}

@article{winkel2012massively,
  title={A massively parallel, multi-disciplinary Barnes--Hut tree code for extreme-scale N-body simulations},
  author={Winkel, Mathias and Speck, Robert and H{\"u}bner, Helge and Arnold, Lukas and Krause, Rolf and Gibbon, Paul},
  journal={Computer physics communications},
  volume={183},
  number={4},
  pages={880--889},
  year={2012},
  publisher={Elsevier}
}

@article{morton1966computer,
  title={A computer oriented geodetic data base and a new technique in file sequencing},
  author={Morton, Guy M},
  year={1966},
  publisher={International Business Machines Company New York}
}

@article{purchase2002metrics,
  title={Metrics for graph drawing aesthetics},
  author={Purchase, Helen C},
  journal={Journal of Visual Languages \& Computing},
  volume={13},
  number={5},
  pages={501--516},
  year={2002},
  publisher={Elsevier}
}

@article{kwon2017would,
  title={What would a graph look like in this layout? a machine learning approach to large graph visualization},
  author={Kwon, Oh-Hyun and Crnovrsanin, Tarik and Ma, Kwan-Liu},
  journal={IEEE transactions on visualization and computer graphics},
  volume={24},
  number={1},
  pages={478--488},
  year={2017},
  publisher={IEEE}
}

@article{chimani2013open,
  title={The Open Graph Drawing Framework (OGDF).},
  author={Chimani, Markus and Gutwenger, Carsten and J{\"u}nger, Michael and Klau, Gunnar W and Klein, Karsten and Mutzel, Petra},
  journal={Handbook of Graph Drawing and Visualization},
  volume={2011},
  pages={543--569},
  year={2013}
}

@article{huang2007effects,
  title={Effects of sociogram drawing conventions and edge crossings in social network visualization},
  author={Huang, Weidong and Hong, Seok-Hee and Eades, Peter},
  journal={Journal of graph algorithms and applications},
  volume={11},
  number={2},
  pages={397--429},
  year={2007}
}

@inproceedings{bulucc2009parallel,
  title={Parallel sparse matrix-vector and matrix-transpose-vector multiplication using compressed sparse blocks},
  author={Bulu{\c{c}}, Aydin and Fineman, Jeremy T and Frigo, Matteo and Gilbert, John R and Leiserson, Charles E},
  booktitle={Proceedings of the twenty-first annual symposium on Parallelism in algorithms and architectures},
  pages={233--244},
  year={2009},
  organization={ACM}
}

@article{nagasaka2018high,
  title={High-performance sparse matrix-matrix products on Intel KNL and multicore architectures},
  author={Nagasaka, Yusuke and Matsuoka, Satoshi and Azad, Ariful and Bulu{\c{c}}, Ayd{\i}n},
  journal={arXiv preprint arXiv:1804.01698},
  year={2018}
}

@inproceedings{martin2011openord,
  title={Open{O}rd: an open-source toolbox for large graph layout},
  author={Martin, Shawn and Brown, W Michael and Klavans, Richard and Boyack, Kevin W},
  booktitle={Visualization and Data Analysis 2011},
  volume={7868},
  pages={786806},
  year={2011},
  organization={International Society for Optics and Photonics}
}

@article{arleo2018distributed,
  title={A Distributed Multilevel Force-Directed Algorithm},
  author={Arleo, Alessio and Didimo, Walter and Liotta, Giuseppe and Montecchiani, Fabrizio},
  journal={IEEE Transactions on Parallel and Distributed Systems},
  volume={30},
  number={4},
  pages={754--765},
  year={2018},
  publisher={IEEE}
}

@inproceedings{kashinskaya2019spring,
  title={Spring-Electrical Models For Link Prediction},
  author={Kashinskaya, Yana and Samosvat, Egor and Artikov, Akmal},
  booktitle={Proceedings of the Twelfth ACM International Conference on Web Search and Data Mining},
  pages={708--716},
  year={2019},
  organization={ACM}
}

@article{noack2009modularity,
  title={Modularity clustering is force-directed layout},
  author={Noack, Andreas},
  journal={Physical Review E},
  volume={79},
  number={2},
  pages={026102},
  year={2009},
  publisher={APS}
}

@article{zhang2014design,
  title={Design of a multithreaded Barnes-Hut algorithm for multicore clusters},
  author={Zhang, Junchao and Behzad, Babak and Snir, Marc},
  journal={IEEE Transactions on parallel and distributed systems},
  volume={26},
  number={7},
  pages={1861--1873},
  year={2014},
  publisher={IEEE}
}
@inproceedings{arleo2016distributed,
  title={A distributed multilevel force-directed algorithm},
  author={Arleo, Alessio and Didimo, Walter and Liotta, Giuseppe and Montecchiani, Fabrizio},
  booktitle={International Symposium on Graph Drawing and Network Visualization},
  pages={3--17},
  year={2016},
  organization={Springer}
}

@article{frishman2007multi,
  title={Multi-level graph layout on the GPU},
  author={Frishman, Yaniv and Tal, Ayellet},
  journal={IEEE Transactions on Visualization and Computer Graphics},
  volume={13},
  number={6},
  pages={1310--1319},
  year={2007},
  publisher={IEEE}
}

@inproceedings{brinkmann2017exploiting,
  title={Exploiting GPUs for fast force-directed visualization of large-scale networks},
  author={Brinkmann, Govert G and Rietveld, Kristian FD and Takes, Frank W},
  booktitle={2017 46th International Conference on Parallel Processing (ICPP)},
  pages={382--391},
  year={2017},
  organization={IEEE}
}

@article{dagum1998openmp,
  title={Open{MP}: An industry-standard API for shared-memory programming},
  author={Dagum, Leonardo and Menon, Ramesh},
  journal={Computing in Science \& Engineering},
  number={1},
  pages={46--55},
  year={1998},
  publisher={IEEE}
}

@article{schauer2008multicore,
  title={Multicore processors--a necessity},
  author={Schauer, Bryan},
  journal={ProQuest discovery guides},
  pages={1--14},
  year={2008}
}

@article{sanchez2013comparative,
  title={A comparative study and evaluation of parallel programming models for shared-memory parallel architectures},
  author={Sanchez, Luis Miguel and Fernandez, Javier and Sotomayor, Rafael and Escolar, Soledad and Garcia, J Daniel},
  journal={New Generation Computing},
  volume={31},
  number={3},
  pages={139--161},
  year={2013},
  publisher={Springer}
}

@book{reinders2007intel,
  title={Intel threading building blocks: outfitting C++ for multi-core processor parallelism},
  author={Reinders, James},
  year={2007},
  publisher={" O'Reilly Media, Inc."}
}

@article{blumofe1996cilk,
  title={Cilk: An efficient multithreaded runtime system},
  author={Blumofe, Robert D and Joerg, Christopher F and Kuszmaul, Bradley C and Leiserson, Charles E and Randall, Keith H and Zhou, Yuli},
  journal={Journal of parallel and distributed computing},
  volume={37},
  number={1},
  pages={55--69},
  year={1996},
  publisher={Elsevier}
}

@book{munshi2011opencl,
  title={Open{CL} programming guide},
  author={Munshi, Aaftab and Gaster, Benedict and Mattson, Timothy G and Ginsburg, Dan},
  year={2011},
  publisher={Pearson Education}
}

@article{samet1984quadtree,
  title={The quadtree and related hierarchical data structures},
  author={Samet, Hanan},
  journal={ACM Computing Surveys (CSUR)},
  volume={16},
  number={2},
  pages={187--260},
  year={1984},
  publisher={ACM}
}


@incollection{burtscher2011efficient,
  title={An efficient CUDA implementation of the tree-based barnes hut n-body algorithm},
  author={Burtscher, Martin and Pingali, Keshav},
  booktitle={GPU computing Gems Emerald edition},
  pages={75--92},
  year={2011},
  publisher={Elsevier}
}

@inproceedings{gustavson2010cache,
  title={Cache blocking},
  author={Gustavson, Fred G},
  booktitle={International Workshop on Applied Parallel Computing},
  pages={22--32},
  year={2010},
  organization={Springer}
}

@inproceedings{holten2009force,
  title={Force-directed edge bundling for graph visualization},
  author={Holten, Danny and Van Wijk, Jarke J},
  booktitle={Computer graphics forum},
  volume={28},
  number={3},
  pages={983--990},
  year={2009},
  organization={Wiley Online Library}
}

@article{nishtala2007cache,
  title={When cache blocking of sparse matrix vector multiply works and why},
  author={Nishtala, Rajesh and Vuduc, Richard W and Demmel, James W and Yelick, Katherine A},
  journal={Applicable Algebra in Engineering, Communication and Computing},
  volume={18},
  number={3},
  pages={297--311},
  year={2007},
  publisher={Springer}
}

@article{singh1995implications,
  title={Implications of hierarchical N-body methods for multiprocessor architectures},
  author={Singh, Jaswinder Pal and Hennessy, John L and Gupta, Anoop},
  journal={ACM Transactions on Computer Systems (TOCS)},
  volume={13},
  number={2},
  pages={141--202},
  year={1995},
  publisher={ACM}
}

@inproceedings{scales1994design,
  title={The design and evaluation of a shared object system for distributed memory machines},
  author={Scales, Daniel J and Lam, Monica S},
  booktitle={Proceedings of the 1st USENIX conference on Operating Systems Design and Implementation},
  pages={9},
  year={1994},
  organization={USENIX Association}
}

@article{goyal2017accurate,
  title={Accurate, large minibatch sgd: Training imagenet in 1 hour},
  author={Goyal, Priya and Doll{\'a}r, Piotr and Girshick, Ross and Noordhuis, Pieter and Wesolowski, Lukasz and Kyrola, Aapo and Tulloch, Andrew and Jia, Yangqing and He, Kaiming},
  journal={arXiv preprint arXiv:1706.02677},
  year={2017}
}

@inproceedings{sallinen2016high,
  title={High performance parallel stochastic gradient descent in shared memory},
  author={Sallinen, Scott and Satish, Nadathur and Smelyanskiy, Mikhail and Sury, Samantika S and R{\'e}, Christopher},
  booktitle={2016 IEEE International Parallel and Distributed Processing Symposium (IPDPS)},
  pages={873--882},
  year={2016},
  organization={IEEE}
}
@article{gholami2017integrated,
  title={Integrated model, batch and domain parallelism in training neural networks},
  author={Gholami, Amir and Azad, Ariful and Jin, Peter and Keutzer, Kurt and Buluc, Aydin},
  journal={arXiv preprint arXiv:1712.04432},
  year={2017}
}

@inproceedings{recht2011hogwild,
  title={Hogwild: A lock-free approach to parallelizing stochastic gradient descent},
  author={Recht, Benjamin and Re, Christopher and Wright, Stephen and Niu, Feng},
  booktitle={Advances in neural information processing systems},
  pages={693--701},
  year={2011}
}

@article{de2019multi,
  title={Multi-level tree based approach for interactive graph visualization with semantic zoom},
  author={De Luca, Felice and Hossain, Iqbal and Kobourov, Stephen and B{\"o}rner, Katy},
  journal={arXiv preprint arXiv:1906.05996},
  year={2019}
}

@inproceedings{gansner2004graph,
  title={Graph drawing by stress majorization},
  author={Gansner, Emden R and Koren, Yehuda and North, Stephen},
  booktitle={International Symposium on Graph Drawing},
  pages={239--250},
  year={2004},
  organization={Springer}
}
@inproceedings{brandes2008experimental,
  title={An experimental study on distance-based graph drawing},
  author={Brandes, Ulrik and Pich, Christian},
  booktitle={International Symposium on Graph Drawing},
  pages={218--229},
  year={2008},
  organization={Springer}
}

@inproceedings{harel2002graph,
  title={Graph drawing by high-dimensional embedding},
  author={Harel, David and Koren, Yehuda},
  booktitle={Int. symp. on Graph Drawing},
  pages={207--219},
  year={2002},
  organization={Springer}
}

@article{koren2003drawing,
  title={Drawing huge graphs by algebraic multigrid optimization},
  author={Koren, Yehuda and Carmel, Liran and Harel, David},
  journal={Multiscale Modeling \& Simulation},
  volume={1},
  number={4},
  pages={645--673},
  year={2003},
  publisher={SIAM}
}

@article{kamada1989algorithm,
  title={An algorithm for drawing general undirected graphs},
  author={Kamada, Tomihisa and Kawai, Satoru and others},
  journal={Information processing letters},
  volume={31},
  number={1},
  pages={7--15},
  year={1989},
  publisher={Citeseer}
}

@article{shannon2003cytoscape,
  title={Cytoscape: a software environment for integrated models of biomolecular interaction networks},
  author={Shannon, Paul and Markiel, Andrew and Ozier, Owen and Baliga, Nitin S and Wang, Jonathan T and Ramage, Daniel and Amin, Nada and Schwikowski, Benno and Ideker, Trey},
  journal={Genome research},
  volume={13},
  number={11},
  pages={2498--2504},
  year={2003},
  publisher={Cold Spring Harbor Lab}
}

@inproceedings{bastian2009gephi,
  title={Gephi: an open source software for exploring and manipulating networks},
  author={Bastian, Mathieu and Heymann, Sebastien and Jacomy, Mathieu},
  booktitle={Third international AAAI conference on weblogs and social media},
  year={2009}
}

@inproceedings{noack2003energy,
  title={An energy model for visual graph clustering},
  author={Noack, Andreas},
  booktitle={International symposium on graph drawing},
  pages={425--436},
  year={2003},
  organization={Springer}
}

@article{meyerhenke2017drawing,
  title={Drawing large graphs by multilevel maxent-stress optimization},
  author={Meyerhenke, Henning and N{\"o}llenburg, Martin and Schulz, Christian},
  journal={IEEE transactions on visualization and computer graphics},
  volume={24},
  number={5},
  pages={1814--1827},
  year={2017},
  publisher={IEEE}
}

@article{lancichinetti2008benchmark,
  title={Benchmark graphs for testing community detection algorithms},
  author={Lancichinetti, Andrea and Fortunato, Santo and Radicchi, Filippo},
  journal={Physical review E},
  volume={78},
  number={4},
  pages={046110},
  year={2008},
  publisher={APS}
}

@article{gansner2012maxent,
  title={A maxent-stress model for graph layout},
  author={Gansner, Emden R and Hu, Yifan and North, Stephen},
  journal={IEEE transactions on visualization and computer graphics},
  volume={19},
  number={6},
  pages={927--940},
  year={2012},
  publisher={IEEE}
}

@article{dunne2015readability,
  title={Readability metric feedback for aiding node-link visualization designers},
  author={Dunne, Cody and Ross, Steven I and Shneiderman, Ben and Martino, Mauro},
  journal={IBM Journal of Research and Development},
  volume={59},
  number={2/3},
  pages={14--1},
  year={2015},
  publisher={IBM}
}

@ARTICLE{sgd28419285, 
author={J. X. {Zheng} and S. {Pawar} and D. F. M. {Goodman}}, 
journal={IEEE Transactions on Visualization and Computer Graphics}, 
title={Graph Drawing by Stochastic Gradient Descent}, 
year={2019}, 
doi={10.1109/TVCG.2018.2859997}, 
ISSN={1077-2626}
}

@inproceedings{kruiger2017graph,
  title={Graph Layouts by t-{SNE}},
  author={Kruiger, Johannes F and Rauber, Paulo E and Martins, Rafael Messias and Kerren, Andreas and Kobourov, Stephen and Telea, Alexandru C},
  booktitle={Computer Graphics Forum},
  volume={36},
  number={3},
  pages={283--294},
  year={2017},
  organization={Wiley Online Library}
}