% Encoding: UTF-8
@inproceedings{huang2013mohex,
  title={MoHex 2.0: a pattern-based MCTS Hex player},
  author={Huang, Shih-Chieh and Arneson, Broderick and Hayward, Ryan B and M{\"u}ller, Martin and Pawlewicz, Jakub},
  booktitle={International Conference on Computers and Games},
  pages={60--71},
  year={2013},
  organization={Springer}
}

@incollection{schraudolph2001learning, title={Learning to evaluate go positions via temporal difference methods}, author={Schraudolph, Nicol N and Dayan, Peter and Sejnowski, Terrence J}, booktitle={Computational Intelligence in Games}, pages={77--98}, year={2001}, publisher={Springer} }

@article{kirkpatrick1983optimization, title={Optimization by simulated annealing}, author={Kirkpatrick, Scott and Gelatt, C Daniel and Vecchi, Mario P}, journal={Science}, volume={220}, number={4598}, pages={671--680}, year={1983}, publisher={American Association for the Advancement of Science} }

@article{hayward2013mohex,
  title={MOHEX Wins Hex Tournament.},
  author={Hayward, Ryan and Arneson, Broderick and Huang, Shih-Chieh and Pawlewicz, Jakub},
  journal={ICGA Journal},
  volume={36},
  number={3},
  pages={180--183},
  year={2013}
}

@misc{haywardmohex,
  title={MOHEX WINS HEX 11X11 AND 13X13 TOURNAMENTS},
  author={Hayward, Ryan and Weninger, Noah and Young, Kenny and Takada, Kei and Zhang, Tianli},
  publisher={unpublished}
}

@article{hayward2017mohex,
  title={Mohex wins 2015 Hex 11$\times$ 11 and Hex 13$\times$ 13 tournaments},
  author={Hayward, Ryan and Pawlewicz, Jakub and Takada, Kei and van der Valk, Tony},
  journal={ICGA Journal},
  volume={39},
  number={1},
  pages={60--64},
  year={2017},
  publisher={IOS Press}
}

@article{hayward2017hex,
  title={Hex 2017: MoHex wins the 11$\times$ 11 and 13$\times$ 13 tournaments.},
  author={Hayward, Ryan and Weninger, Noah},
  journal={ICGA Journal},
  volume={39},
  number={3-4},
  pages={222--227},
  year={2017}
}

@article{gaohex,
  title={Hex 2018: MoHex3HNN over DeepEzo},
  author={GAO, Chao and TAKADA, Kei and HAYWARD, Ryan}
}

@article{arneson2009mohex,
  title={Mohex wins hex tournament},
  author={Arneson, Broderick and Hayward, Ryan and Henderson, Philip},
  journal={ICGA journal},
  volume={32},
  number={2},
  pages={114},
  year={2009}
}

@article{arneson2010mohex,
  title={Mohex wins Hex tournament},
  author={Arneson, Broderick and Hayward, Ryan and Henderson, Philip},
  journal={Icga Journal},
  volume={33},
  number={3},
  pages={181--186},
  year={2010},
  publisher={IOS Press}
}

@article{kober2013reinforcement,
  title={Reinforcement learning in robotics: A survey},
  author={Kober, Jens and Bagnell, J Andrew and Peters, Jan},
  journal={The International Journal of Robotics Research},
  volume={32},
  number={11},
  pages={1238--1274},
  year={2013},
  publisher={SAGE Publications Sage UK: London, England}
}

@article{mnih2015human,
  title={Human-level control through deep reinforcement learning},
  author={Mnih, Volodymyr and Kavukcuoglu, Koray and Silver, David and Rusu, Andrei A and Veness, Joel and Bellemare, Marc G and Graves, Alex and Riedmiller, Martin and Fidjeland, Andreas K and Ostrovski, Georg and others},
  journal={Nature},
  volume={518},
  number={7540},
  pages={529},
  year={2015},
  publisher={Nature Publishing Group}
}

@article{schaul2015prioritized,
  title={Prioritized experience replay},
  author={Schaul, Tom and Quan, John and Antonoglou, Ioannis and Silver, David},
  journal={arXiv preprint arXiv:1511.05952},
  year={2015}
}

@article{tesauro1995temporal,
  title={Temporal difference learning and TD-Gammon},
  author={Tesauro, Gerald},
  journal={Communications of the ACM},
  volume={38},
  number={3},
  pages={58--68},
  year={1995}
}

@article{silver2017mastering,
  title={Mastering the game of Go without human knowledge},
  author={Silver, David and Schrittwieser, Julian and Simonyan, Karen and Antonoglou, Ioannis and Huang, Aja and Guez, Arthur and Hubert, Thomas and Baker, Lucas and Lai, Matthew and Bolton, Adrian and others},
  journal={Nature},
  volume={550},
  number={7676},
  pages={354},
  year={2017},
  publisher={Nature Publishing Group}
}

@phdthesis{littman1996algorithms,
  title={Algorithms for sequential decision making},
  author={Littman, Michael Lederman},
  year={1996},
  publisher={Brown University, Department of Computer Science, Providence, RI}
}

@phdthesis{mellor2014decision,
  title={Decision Making Using Thompson Sampling},
  author={Mellor, Joseph},
  year={2014},
  publisher={The University of Manchester (United Kingdom)}
}

@article{campbell2002deep,
  title={Deep blue},
  author={Campbell, Murray and Hoane Jr, A Joseph and Hsu, Feng-hsiung},
  journal={Artificial Intelligence},
  volume={134},
  number={1-2},
  pages={57--83},
  year={2002},
  publisher={Elsevier}
}

@book{michalski2013machine,
  title={Machine learning: An artificial intelligence approach},
  author={Michalski, Ryszard S and Carbonell, Jaime G and Mitchell, Tom M},
  year={2013},
  publisher={Springer Science \& Business Media}
}

@book{goodfellow2016deep,
  title={Deep learning},
  author={Goodfellow, Ian and Bengio, Yoshua and Courville, Aaron and Bengio, Yoshua},
  volume={1},
  year={2016},
  publisher={MIT press Cambridge}
}

@book{mandziuk2010knowledge,
  title={Knowledge-free and learning-based methods in intelligent game playing},
  author={Mandziuk, Jacek},
  volume={276},
  year={2010},
  publisher={Springer}
}

@article{justesen2017deep,
  title={Deep learning for video game playing},
  author={Justesen, Niels and Bontrager, Philip and Togelius, Julian and Risi, Sebastian},
  journal={arXiv preprint arXiv:1708.07902},
  year={2017}
}

@article{silver2016mastering,
  title={Mastering the game of Go with deep neural networks and tree search},
  author={Silver, David and Huang, Aja and Maddison, Chris J and Guez, Arthur and Sifre, Laurent and Van Den Driessche, George and Schrittwieser, Julian and Antonoglou, Ioannis and Panneershelvam, Veda and Lanctot, Marc and others},
  journal={Nature},
  volume={529},
  number={7587},
  pages={484},
  year={2016},
  publisher={Nature Publishing Group}
}

@article{silver2017mastering2,
  title={Mastering chess and shogi by self-play with a general reinforcement learning algorithm},
  author={Silver, David and Hubert, Thomas and Schrittwieser, Julian and Antonoglou, Ioannis and Lai, Matthew and Guez, Arthur and Lanctot, Marc and Sifre, Laurent and Kumaran, Dharshan and Graepel, Thore and others},
  journal={arXiv preprint arXiv:1712.01815},
  year={2017}
}

@article{arulkumaran2019alphastar,
  title={AlphaStar: An Evolutionary Computation Perspective},
  author={Arulkumaran, Kai and Cully, Antoine and Togelius, Julian},
  journal={arXiv preprint arXiv:1902.01724},
  year={2019}
}

@article{lillicrap2015continuous,
  title={Continuous control with deep reinforcement learning},
  author={Lillicrap, Timothy P and Hunt, Jonathan J and Pritzel, Alexander and Heess, Nicolas and Erez, Tom and Tassa, Yuval and Silver, David and Wierstra, Daan},
  journal={arXiv preprint arXiv:1509.02971},
  year={2015}
}

@inproceedings{gu2017deep,
  title={Deep reinforcement learning for robotic manipulation with asynchronous off-policy updates},
  author={Gu, Shixiang and Holly, Ethan and Lillicrap, Timothy and Levine, Sergey},
  booktitle={International Conference on Robotics and Automation},
  pages={3389--3396},
  year={2017},
  organization={IEEE}
}

@article{baier2018mcts,
  title={MCTS-Minimax Hybrids with State Evaluations},
  author={Baier, Hendrik and Winands, Mark HM},
  journal={Journal of Artificial Intelligence Research},
  volume={62},
  pages={193--231},
  year={2018}
}

@inproceedings{ramanujan2011trade,
  title={Trade-Offs in Sampling-Based Adversarial Planning.},
  author={Ramanujan, Raghuram and Selman, Bart},
  booktitle={ICAPS},
  pages={202--209},
  year={2011}
}

@inproceedings{ramanujan2010adversarial,
  title={On Adversarial Search Spaces and Sampling-Based Planning.},
  author={Ramanujan, Raghuram and Sabharwal, Ashish and Selman, Bart},
  booktitle={ICAPS},
  volume={10},
  pages={242--245},
  year={2010}
}

@article{genesereth2005general,
  title={General game playing: Overview of the AAAI competition},
  author={Genesereth, Michael and Love, Nathaniel and Pell, Barney},
  journal={AI magazine},
  volume={26},
  number={2},
  pages={62},
  year={2005}
}

@article{bowling2015heads,
  title={Heads-up limit holdï¿½em poker is solved},
  author={Bowling, Michael and Burch, Neil and Johanson, Michael and Tammelin, Oskari},
  journal={Science},
  volume={347},
  number={6218},
  pages={145--149},
  year={2015},
  publisher={American Association for the Advancement of Science}
}

@article{rosenbloom1982world,
  title={A world-championship-level Othello program},
  author={Rosenbloom, Paul S},
  journal={Artificial Intelligence},
  volume={19},
  number={3},
  pages={279--320},
  year={1982},
  publisher={Elsevier}
}

@article{schaeffer2007checkers,
  title={Checkers is solved},
  author={Schaeffer, Jonathan and Burch, Neil and Bj{\"o}rnsson, Yngvi and Kishimoto, Akihiro and M{\"u}ller, Martin and Lake, Robert and Lu, Paul and Sutphen, Steve},
  journal={Science},
  volume={317},
  number={5844},
  pages={1518--1522},
  year={2007},
  publisher={American Association for the Advancement of Science}
}

@article{berliner1980backgammon,
  title={Backgammon computer program beats world champion},
  author={Berliner, Hans J},
  journal={Artificial Intelligence},
  volume={14},
  number={2},
  pages={205--220},
  year={1980},
  publisher={Elsevier}
}

@inproceedings{chaslot2008monte,
  title={Monte-Carlo Tree Search: A New Framework for Game AI.},
  author={Chaslot, Guillaume and Bakkes, Sander and Szita, Istvan and Spronck, Pieter},
  booktitle={AIIDE},
  year={2008}
}

@article{browne2012survey,
  title={A survey of monte carlo tree search methods},
  author={Browne, Cameron B and Powley, Edward and Whitehouse, Daniel and Lucas, Simon M and Cowling, Peter I and Rohlfshagen, Philipp and Tavener, Stephen and Perez, Diego and Samothrakis, Spyridon and Colton, Simon},
  journal={Transactions on Computational Intelligence and AI in games},
  volume={4},
  number={1},
  pages={1--43},
  year={2012},
  publisher={IEEE}
}

@article{gao2017move,
  title={Move prediction using deep convolutional neural networks in Hex},
  author={Gao, Chao and Hayward, Ryan B and M{\"u}ller, Martin},
  journal={Transactions on Games},
  year={2017},
  publisher={IEEE}
}

@article{cazenave2018residual,
  title={Residual networks for computer Go},
  author={Cazenave, Tristan},
  journal={Transactions on Games},
  volume={10},
  number={1},
  pages={107--110},
  year={2018},
  publisher={IEEE}
}

@inproceedings{gao2018three,
  title={Three-Head Neural Network Architecture for Monte Carlo Tree Search.},
  author={Gao, Chao and M{\"u}ller, Martin and Hayward, Ryan},
  booktitle={International Joint Conference on Artificial Intelligence},
  pages={3762--3768},
  year={2018}
}

@inproceedings{anthony2017thinking,
  title={Thinking fast and slow with deep learning and tree search},
  author={Anthony, Thomas and Tian, Zheng and Barber, David},
  booktitle={Advances in Neural Information Processing Systems},
  pages={5360--5370},
  year={2017}
}

@inproceedings{clark2015training,
  title={Training deep convolutional neural networks to play go},
  author={Clark, Christopher and Storkey, Amos},
  booktitle={International Conference on Machine Learning},
  pages={1766--1774},
  year={2015}
}

@article{tian2015better,
  title={Better computer go player with neural network and long-term prediction},
  author={Tian, Yuandong and Zhu, Yan},
  journal={arXiv preprint arXiv:1511.06410},
  year={2015}
}

@article{maddison2014move,
  title={Move evaluation in go using deep convolutional neural networks},
  author={Maddison, Chris J and Huang, Aja and Sutskever, Ilya and Silver, David},
  journal={arXiv preprint arXiv:1412.6564},
  year={2014}
}

@article{gao2018adversarial,
  title={Adversarial Policy Gradient for Alternating Markov Games},
  author={Gao, Chao and Mueller, Martin and Hayward, Ryan},
  year={2018}
}

@article{campbell1983comparison,
  title={A comparison of minimax tree search algorithms},
  author={Campbell, Murray S and Marsland, T. Anthony},
  journal={Artificial Intelligence},
  volume={20},
  number={4},
  pages={347--367},
  year={1983},
  publisher={Elsevier}
}

@article{baudet1978branching,
  title={On the branching factor of the alpha-beta pruning algorithm},
  author={Baudet, G{\'e}rard M},
  journal={Artificial Intelligence},
  volume={10},
  number={2},
  pages={173--199},
  year={1978},
  publisher={Elsevier}
}

@article{pearl1982solution,
  title={The solution for the branching factor of the alpha-beta pruning algorithm and its optimality},
  author={Pearl, Judea},
  journal={Communications of the ACM},
  volume={25},
  number={8},
  pages={559--564},
  year={1982},
  publisher={ACM}
}

@incollection{greenblatt1988greenblatt,
  title={The Greenblatt chess program},
  author={Greenblatt, Richard D and Eastlake, Donald E and Crocker, Stephen D},
  booktitle={Computer chess compendium},
  pages={56--66},
  year={1988},
  publisher={Springer}
}

@incollection{van2008proof,
  title={Proof-number search and its variants},
  author={Van Den Herik, H Jaap and Winands, Mark HM},
  booktitle={Oppositional Concepts in Computational Intelligence},
  pages={91--118},
  year={2008},
  publisher={Springer}
}


@article{korf1985depth,
  title={Depth-first iterative-deepening: An optimal admissible tree search},
  author={Korf, Richard E},
  journal={Artificial Intelligence},
  volume={27},
  number={1},
  pages={97--109},
  year={1985},
  publisher={Elsevier}
}

@incollection{slate1983chess,
  title={Chess 4.5ï¿½the Northwestern University chess program},
  author={Slate, David J and Atkin, Lawrence R},
  booktitle={Chess skill in Man and Machine},
  pages={82--118},
  year={1983},
  publisher={Springer}
}

@article{plaat1996best,
  title={Best-first fixed-depth minimax algorithms},
  author={Plaat, Aske and Schaeffer, Jonathan and Pijls, Wim and De Bruin, Arie},
  journal={Artificial Intelligence},
  volume={87},
  number={1-2},
  pages={255--293},
  year={1996},
  publisher={Elsevier}
}

@article{plaat2017minimax,
  title={A Minimax Algorithm Better Than Alpha-beta?: No and Yes},
  author={Plaat, Aske and Schaeffer, Jonathan and Pijls, Wim and De Bruin, Arie},
  journal={arXiv preprint arXiv:1702.03401},
  year={2017}
}

@article{allis1994proof,
  title={Proof-number search},
  author={Allis, L Victor and van der Meulen, Maarten and Van Den Herik, H Jaap},
  journal={Artificial Intelligence},
  volume={66},
  number={1},
  pages={91--124},
  year={1994},
  publisher={Elsevier}
}

@inproceedings{korf1994best,
  title={Best-first minimax search: Othello results},
  author={Korf, Richard E and Chickering, David Maxwell},
  booktitle={AAAI},
  volume={2},
  pages={1365--1370},
  year={1994}
}

@article{korf1996best,
  title={Best-first minimax search},
  author={Korf, Richard E and Chickering, David Maxwell},
  journal={Artificial intelligence},
  volume={84},
  number={1-2},
  pages={299--337},
  year={1996},
  publisher={Elsevier}
}

jxp-tf6_amazons-couleur_ddr_score_ml#tau:005_long:2E6_archi:ressum-8-0/

@article{stockman1979minimax,
  title={A minimax algorithm better than alpha-beta?},
  author={Stockman, George C},
  journal={Artificial Intelligence},
  volume={12},
  number={2},
  pages={179--196},
  year={1979},
  publisher={Elsevier}
}

@incollection{berliner1981b,
  title={The B* tree search algorithm: A best-first proof procedure},
  author={Berliner, Hans},
  booktitle={Readings in Artificial Intelligence},
  pages={79--87},
  year={1981},
  publisher={Elsevier}
}

@article{mcallester1988conspiracy,
  title={Conspiracy numbers for min-max search},
  author={McAllester, David Allen},
  journal={Artificial Intelligence},
  volume={35},
  number={3},
  pages={287--310},
  year={1988},
  publisher={Elsevier}
}

@article{schaeffer1990conspiracy,
  title={Conspiracy numbers},
  author={Schaeffer, Jonathan},
  journal={Artificial Intelligence},
  volume={43},
  number={1},
  pages={67--84},
  year={1990},
  publisher={Elsevier}
}

@article{shoham2002parallel,
  title={Parallel randomized best-first minimax search},
  author={Shoham, Yaron and Toledo, Sivan},
  journal={Artificial Intelligence},
  volume={137},
  number={1-2},
  pages={165--196},
  year={2002},
  publisher={Elsevier}
}

@inproceedings{kocsis2006bandit,
  title={Bandit based monte-carlo planning},
  author={Kocsis, Levente and Szepesv{\'a}ri, Csaba},
  booktitle={European conference on machine learning},
  pages={282--293},
  year={2006},
  organization={Springer}
}

@article{coquelin2007bandit,
  title={Bandit algorithms for tree search},
  author={Coquelin, Pierre-Arnaud and Munos, R{\'e}mi},
  journal={arXiv preprint cs/0703062},
  year={2007}
}

@article{kocsis2006improved,
  title={Improved monte-carlo search},
  author={Kocsis, Levente and Szepesv{\'a}ri, Csaba and Willemson, Jan},
  journal={Univ. Tartu, Estonia, Tech. Rep},
  volume={1},
  year={2006}
}

@article{lanctot2014monte,
  title={Monte Carlo tree search with heuristic evaluations using implicit minimax backups},
  author={Lanctot, Marc and Winands, Mark HM and Pepels, Tom and Sturtevant, Nathan R},
  journal={arXiv preprint arXiv:1406.0486},
  year={2014}
}

@inproceedings{winands2008monte,
  title={Monte-Carlo tree search solver},
  author={Winands, Mark HM and Bj{\"o}rnsson, Yngvi and Saito, Jahn-Takeshi},
  booktitle={International Conference on Computers and Games},
  pages={25--36},
  year={2008},
  organization={Springer}
}

@inproceedings{koriche2017constraint,
  title={Constraint-based symmetry detection in general game playing},
  author={Koriche, Fr{\'e}d{\'e}ric and Lagrue, Sylvain and Piette, Eric and Tabary, S{\'e}bastien},
  booktitle={The 26th International Joint Conference on Artificial Intelligence},
  pages={280--287},
  year={2017},
  organization={AAAI Press}
}

@article{koriche2016general,
  title={General game playing with stochastic CSP},
  author={Koriche, Fr{\'e}d{\'e}ric and Lagrue, Sylvain and Piette, {\'E}ric and Tabary, S{\'e}bastien},
  journal={Constraints},
  volume={21},
  number={1},
  pages={95--114},
  year={2016},
  publisher={Springer}
}

@article{gent2008solving,
  title={Solving quantified constraint satisfaction problems},
  author={Gent, Ian P and Nightingale, Peter and Rowley, Andrew and Stergiou, Kostas},
  journal={Artificial Intelligence},
  volume={172},
  number={6-7},
  pages={738--771},
  year={2008},
  publisher={Elsevier}
}

@inproceedings{bessiere2006strategic,
  title={Strategic constraint satisfaction problems},
  author={Bessi{\`e}re, Christian and Verger, Guillaume},
  booktitle={Fifth International Workshop on Constraint Modelling and Reformulation},
  pages={17--29},
  year={2006}
}

@inproceedings{lallouet2013constraint,
  title={Constraint games: Framework and local search solver},
  author={Lallouet, Arnaud and Bordeaux, Lucas and others},
  booktitle={25th International Conference on Tools with Artificial Intelligence},
  pages={963--970},
  year={2013},
  organization={IEEE}
}

@inproceedings{baier2013monte,
  title={Monte-Carlo tree search and minimax hybrids},
  author={Baier, Hendrik and Winands, Mark HM},
  booktitle={Conference on Computational Intelligence in Games},
  pages={1--8},
  year={2013},
  organization={IEEE}
}

@article{baier2015mcts,
  title={MCTS-minimax hybrids},
  author={Baier, Hendrik and Winands, Mark HM},
  journal={Transactions on Computational Intelligence and AI in Games},
  volume={7},
  number={2},
  pages={167--179},
  year={2015},
  publisher={IEEE}
}

@Article{Baier2018,
  author  = {Baier, Hendrik and Winands, Mark HM},
  title   = {MCTS-Minimax Hybrids with State Evaluations},
  journal = {Journal of Artificial Intelligence Research},
  year    = {2018},
  volume  = {62},
  pages   = {193--231},
}

@phdthesis{lin2017monte,
  title={Monte Carlo Tree Search and Minimax Combination--Application of Solving Problems in the Game of Go},
  author={Lin, Jonathan Fun},
  year={2017}
}

@article{van2002games,
  title={Games solved: Now and in the future},
  author={Van Den Herik, H Jaap and Uiterwijk, Jos WHM and Van Rijswijck, Jack},
  journal={Artificial Intelligence},
  volume={134},
  number={1-2},
  pages={277--311},
  year={2002},
  publisher={Elsevier}
}

@article{gale1979game,
  title={The game of Hex and the Brouwer fixed-point theorem},
  author={Gale, David},
  journal={The American Mathematical Monthly},
  volume={86},
  number={10},
  pages={818--827},
  year={1979},
  publisher={Taylor \& Francis}
}

@book{berlekamp2018winning,
  title={Winning Ways for Your Mathematical Plays, Volume 3},
  author={Berlekamp, Elwyn R and Conway, John H and Guy, Richard K},
  year={2003},
  publisher={AK Peters/CRC Press}
}

@inproceedings{pawlewicz2013scalable,
  title={Scalable parallel DFPN search},
  author={Pawlewicz, Jakub and Hayward, Ryan B},
  booktitle={International Conference on Computers and Games},
  pages={138--150},
  year={2013},
  organization={Springer}
}

@article{reisch1981hex,
  title={Hex ist PSPACE-vollst{\"a}ndig},
  author={Reisch, Stefan},
  journal={Acta Informatica},
  volume={15},
  number={2},
  pages={167--191},
  year={1981},
  publisher={Springer}
}

@article{bonnet2016complexity,
  title={On the complexity of connection games},
  author={Bonnet, {\'E}douard and Jamain, Florian and Saffidine, Abdallah},
  journal={Theoretical Computer Science},
  volume={644},
  pages={2--28},
  year={2016},
  publisher={Elsevier}
}

@book{browne2000hex,
  title={Hex Strategy: Making the right connections},
  author={Browne, Cameron},
  year={2000},
  publisher={AK Peters Natick, MA}
}

@inproceedings{parker2006paranoia,
  title={Paranoia versus overconfidence in imperfect information games},
  author={Parker, Austin and Nau, Dana and Subrahmanian, VS},
  booktitle={AAAI the 21st National Conference on Artificial intelligence},
  volume={2},
  year={2006},
  organization={Citeseer}
}

@incollection{michie1966game,
  title={Game-playing and game-learning automata},
  author={Michie, Donald},
  booktitle={Advances in programming and non-numerical computation},
  pages={183--200},
  year={1966},
  publisher={Elsevier}
}

@inproceedings{korf1997finding,
  title={Finding optimal solutions to Rubik's cube using pattern databases},
  author={Korf, Richard E},
  booktitle={AAAI/IAAI},
  pages={700--705},
  year={1997}
}

@article{kingma2014adam,
  title={Adam: A method for stochastic optimization},
  author={Kingma, Diederik P and Ba, Jimmy},
  journal={arXiv preprint arXiv:1412.6980},
  year={2014}
}

@article{lecun2015deep,
  title={Deep learning},
  author={LeCun, Yann and Bengio, Yoshua and Hinton, Geoffrey},
  journal={Nature},
  volume={521},
  number={7553},
  pages={436},
  year={2015},
  publisher={Nature Publishing Group}
}

@inproceedings{anshelevich2000game,
  title={The game of Hex: An automatic theorem proving approach to game programming},
  author={Anshelevich, Vadim V},
  booktitle={AAAI/IAAI},
  pages={189--194},
  year={2000}
}


@inproceedings{he2016deep,
  title={Deep residual learning for image recognition},
  author={He, Kaiming and Zhang, Xiangyu and Ren, Shaoqing and Sun, Jian},
  booktitle={Conference on Computer Vision and Pattern Recognition},
  pages={770--778},
  year={2016}
}

@inproceedings{krizhevsky2012imagenet,
  title={Imagenet classification with deep convolutional neural networks},
  author={Krizhevsky, Alex and Sutskever, Ilya and Hinton, Geoffrey E},
  booktitle={Advances in Neural Information Processing Systems},
  pages={1097--1105},
  year={2012}
}

@inproceedings{glorot2011deep,
  title={Deep sparse rectifier neural networks},
  author={Glorot, Xavier and Bordes, Antoine and Bengio, Yoshua},
  booktitle={The Fourteenth International Conference on Artificial Intelligence and Statistics},
  pages={315--323},
  year={2011}
}

@inproceedings{ng2004feature,
  title={Feature selection, L 1 vs. L 2 regularization, and rotational invariance},
  author={Ng, Andrew Y},
  booktitle={The twenty-first international conference on Machine learning},
  pages={78},
  year={2004},
  organization={ACM}
}

@inproceedings{gao2017focused,
  title={Focused depth-first proof number search using convolutional neural networks for the game of Hex},
  author={Gao, Chao and M{\"u}ller, Martin and Hayward, Ryan},
  booktitle={The Twenty-Sixth International Joint Conference on Artificial Intelligence},
  pages={3668--3674},
  year={2017}
}

@article{gao2018transferable,
  title={A transferable neural network for Hex},
  author={Gao, Chao and Yan, Siqi and Hayward, Ryan and M{\"u}ller, Martin},
  journal={ICGA Journal},
  volume={40},
  number={3},
  pages={224--233},
  year={2018},
  publisher={IOS Press}
}

@Article{Gao2018,
  author = {Gao, Chao and Mueller, Martin and Hayward, Ryan},
  title  = {Adversarial Policy Gradient for Alternating Markov Games},
  year   = {2018},
}

@Article{Gao2017,
  author    = {Gao, Chao and Hayward, Ryan B and M{\"u}ller, Martin},
  title     = {Move prediction using deep convolutional neural networks in Hex},
  journal   = {Transactions on Games},
  year      = {2017},
  publisher = {IEEE},
}

@incollection{young2016neurohex,
  title={NeuroHex: A deep Q-learning hex agent},
  author={Young, Kenny and Vasan, Gautham and Hayward, Ryan},
  booktitle={Computer Games},
  pages={3--18},
  year={2016},
  publisher={Springer}
}

@inproceedings{takada2017reinforcement,
  title={Reinforcement Learning for Creating Evaluation Function Using Convolutional Neural Network in Hex},
  author={Takada, Kei and Iizuka, Hiroyuki and Yamamoto, Masahito},
  booktitle={2017 Conference on Technologies and Applications of Artificial Intelligence},
  pages={196--201},
  year={2017},
  organization={IEEE}
}

@InProceedings{Huang2013,
  author       = {Huang, Shih-Chieh and Arneson, Broderick and Hayward, Ryan B and M{\"u}ller, Martin and Pawlewicz, Jakub},
  title        = {MoHex 2.0: a pattern-based MCTS Hex player},
  booktitle    = {International Conference on Computers and Games},
  year         = {2013},
  pages        = {60--71},
  organization = {Springer},
}

@book{henderson2010playing,
  title={Playing and solving the game of Hex},
  author={Henderson, Philip Thomas},
  year={2010},
  publisher={University of Alberta}
}


@article{slagle1969experiments,
  title={Experiments with some programs that search game trees},
  author={Slagle, James R and Dixon, John E},
  journal={Journal of the ACM (JACM)},
  volume={16},
  number={2},
  pages={189--207},
  year={1969},
  publisher={ACM}
}

@article{knuth1975analysis,
  title={An analysis of alpha-beta pruning},
  author={Knuth, Donald E and Moore, Ronald W},
  journal={Artificial Intelligence},
  volume={6},
  number={4},
  pages={293--326},
  year={1975},
  publisher={Elsevier}
}

@inproceedings{brown2017libratus,
  title={Libratus: The superhuman ai for no-limit poker},
  author={Brown, Noam and Sandholm, Tuomas},
  booktitle={The Twenty-Sixth International Joint Conference on Artificial Intelligence},
  year={2017}
}

@inproceedings{sturtevant2002comparison,
  title={A comparison of algorithms for multi-player games},
  author={Sturtevant, Nathan},
  booktitle={International Conference on Computers and Games},
  pages={108--122},
  year={2002},
  organization={Springer}
}

@article{gelly2011monte,
  title={Monte-Carlo tree search and rapid action value estimation in computer Go},
  author={Gelly, Sylvain and Silver, David},
  journal={Artificial Intelligence},
  volume={175},
  number={11},
  pages={1856--1875},
  year={2011},
  publisher={Elsevier}
}

@incollection{mandziuk2007computational,
  title={Computational intelligence in mind games},
  author={Ma{\'n}dziuk, Jacek},
  booktitle={Challenges for Computational Intelligence},
  pages={407--442},
  year={2007},
  publisher={Springer}
}

@book{millington2009artificial,
  title={Artificial intelligence for games},
  author={Millington, Ian and Funge, John},
  year={2009},
  publisher={CRC Press}
}

@book{allis1994searching,
  title={Searching for solutions in games and artificial intelligence},
  author={Allis, Louis Victor and others},
  year={1994},
  publisher={Ponsen \& Looijen Wageningen}
}

@Book{Yannakakis2018,
  title     = {Artificial intelligence and games},
  publisher = {Springer},
  year      = {2018},
  author    = {Yannakakis, Georgios N and Togelius, Julian},
  volume    = {2},
}

@article{schaeffer2002games,
  title={Games, computers, and artificial intelligence},
  author={Schaeffer, Jonathan and Van den Herik, H Jaap},
  journal={Artificial Intelligence},
  volume={134},
  number={1-2},
  pages={1--7},
  year={2002},
  publisher={Elsevier}
}

@book{russell2016artificial,
  title={Artificial intelligence: a modern approach},
  author={Russell, Stuart J and Norvig, Peter},
  year={2016},
  publisher={Malaysia; Pearson Education Limited,}
}

@inproceedings{duchene2016combinatorial,
  title={Combinatorial games: from theoretical solving to AI algorithms},
  author={Duch{\^e}ne, Eric},
  booktitle={International Conference on Scalable Uncertainty Management},
  pages={3--17},
  year={2016},
  organization={Springer}
}

@inproceedings{mateas2003expressive,
  title={Expressive AI: Games and Artificial Intelligence.},
  author={Mateas, Michael},
  booktitle={DiGRA Conference},
  year={2003}
}
@Comment{jabref-meta: databaseType:bibtex;}

@inproceedings{CazenaveSST16,
  author    = {Tristan Cazenave and
               Abdallah Saffidine and
               Michael John Schofield and
               Michael Thielscher},
  title     = {Nested Monte Carlo Search for Two-Player Games},
  booktitle = {The Thirtieth {AAAI} Conference on Artificial Intelligence,
               February 12-17, 2016, Phoenix, Arizona, {USA.}},
  pages     = {687--693},
  year      = {2016}
}

@inproceedings{Coulom06,
  author    = {R{\'{e}}mi Coulom},
  title     = {Efficient Selectivity and Backup Operators in Monte-Carlo Tree Search},
  booktitle = {Computers and Games, 5th International Conference, {CG} 2006, Turin,
               Italy, May 29-31, 2006. Revised Papers},
  pages     = {72--83},
  year      = {2006}
}

@article{takada2019reinforcement,
  title={Reinforcement Learning to Create Value and Policy Functions using Minimax Tree Search in Hex},
  author={Takada, Kei and Iizuka, Hiroyuki and Yamamoto, Masahito},
  journal={IEEE Transactions on Games},
  year={2019},
  publisher={IEEE}
}

@inproceedings{veness2009bootstrapping,
  title={Bootstrapping from game tree search},
  author={Veness, Joel and Silver, David and Blair, Alan and Uther, William},
  booktitle={Advances in neural information processing systems},
  pages={1937--1945},
  year={2009}
}

@article{baxter1999knightcap,
  title={Knightcap: a chess program that learns by combining td (lambda) with game-tree search},
  author={Baxter, Jonathan and Tridgell, Andrew and Weaver, Lex},
  journal={arXiv preprint cs/9901002},
  year={1999}
}

@inproceedings{nijssen2011playout,
  title={Playout search for Monte-Carlo tree search in multi-player games},
  author={Nijssen, J Pim AM and Winands, Mark HM},
  booktitle={Advances in Computer Games},
  pages={72--83},
  year={2011},
  organization={Springer}
}

@article{silver2018general,
  title={A general reinforcement learning algorithm that masters chess, shogi, and Go through self-play},
  author={Silver, David and Hubert, Thomas and Schrittwieser, Julian and Antonoglou, Ioannis and Lai, Matthew and Guez, Arthur and Lanctot, Marc and Sifre, Laurent and Kumaran, Dharshan and Graepel, Thore and others},
  journal={Science},
  volume={362},
  number={6419},
  pages={1140--1144},
  year={2018},
  publisher={American Association for the Advancement of Science}
}

@misc{Piette2019Ludii,
	Author = {{\'E}ric Piette and Dennis J. N. J. Soemers and Matthew Stephenson and Chiara F. Sironi and Mark H. M. Winands and Cameron Browne},
	Title = {Ludii - The Ludemic General Game System},
	Year = {2019},
	Eprint = {arXiv:1905.05013},
	url = {https://arxiv.org/abs/1905.05013}
}

@article{fink1982enhancement,
  title={An Enhancement to the Iterative, Alpha-Beta, Minimax Search Procedure},
  author={Fink, William},
  journal={ICGA Journal},
  volume={5},
  number={1},
  pages={34--35},
  year={1982},
  publisher={IOS Press}
}


@article{cazenave2020polygames,
  title={Polygames: Improved zero learning},
  author={Cazenave, Tristan and Chen, Yen-Chi and Chen, Guan-Wei and Chen, Shi-Yu and Chiu, Xian-Dong and Dehos, Julien and Elsa, Maria and Gong, Qucheng and Hu, Hengyuan and Khalidov, Vasil and others},
  journal={ICGA Journal},
  number={Preprint},
  pages={1--13},
  year={2020},
  publisher={IOS Press}
}

@article{gao2019hex,
  title={Hex 2018: MoHex3HNN over DeepEzo.},
  author={Gao, Chao and Takada, Kei and Hayward, Ryan},
  journal={J. Int. Comput. Games Assoc.},
  volume={41},
  number={1},
  pages={39--42},
  year={2019}
}

@article{bonnet2014complexit, title={ComplexitÃ© des Jeux}, author={Bonnet, Edouard and Saffidine, Abdallah}, journal={Bulletin de la ROADEF}, volume={31}, pages={9--12}, year={2014} }

@article{
2020learning, title={Learning to Play Two-Player Perfect-Information Games without Knowledge}, author={Cohen-Solal, Quentin}, journal={arXiv preprint arXiv:2008.01188}, year={2020} }

@article{mycielski1992games,
  title={Games with perfect information},
  author={Mycielski, Jan},
  journal={Handbook of game theory with economic applications},
  volume={1},
  pages={41--70},
  year={1992},
  publisher={Elsevier}
}

@article{sturtevant2000pruning,
  title={On pruning techniques for multi-player games},
  author={Sturtevant, Nathan R and Korf, Richard E},
  journal={AAAI/IAAI},
  volume={49},
  pages={201--207},
  year={2000}
}



@article{baxter2000learning,
  title={Learning to play chess using temporal differences},
  author={Baxter, Jonathan and Tridgell, Andrew and Weaver, Lex},
  journal={Machine Learning},
  volume={40},
  number={3},
  pages={243--263},
  year={2000},
  publisher={Springer}
}

@article{bjornsson2003learning,
  title={Learning extension parameters in game-tree search},
  author={Bj{\"o}rnsson, Yngvi and Marsland, T Anthony},
  journal={Information Sciences},
  volume={154},
  number={3-4},
  pages={95--118},
  year={2003},
  publisher={Elsevier}
}

@inproceedings{Piette2020Ludii,
  author = "{\'E}. Piette and D. J. N. J. Soemers and M. Stephenson and C. F. Sironi and M. H. M. Winands and C. Browne",
  booktitle = "Proceedings of the 24th European Conference on Artificial Intelligence (ECAI 2020)",
  title = "Ludii -- The Ludemic General Game System",
  pages = "411-418",
  year = "2020",
  editor = "G. De Giacomo and A. Catala and B. Dilkina and M. Milano and S. Barro and A. BugarÃ­n and J. Lang",
  series = "Frontiers in Artificial Intelligence and Applications",
  volume = "325",
  publisher = "IOS Press"
}

@inproceedings{cohen2019apprendre,
  title={Apprendre {\`a} jouer aux jeux {\`a} deux joueurs {\`a} information parfaite sans connaissance},
  author={Cohen-Solal, Quentin},
  year={2019}
}

@article{cazenave2020monte,
  title={Monte Carlo Inverse Folding},
  author={Cazenave, Tristan and Fournier, Thomas},
  journal={arXiv preprint arXiv:2005.09961},
  year={2020}
}

@article{cohen2020minimax,
  title={Minimax Strikes Back},
  author={Cohen-Solal, Quentin and Cazenave, Tristan},
  journal={arXiv preprint arXiv:2012.10700},
  year={2020}
}

@article{anshelevich2002hierarchical,
  title={A hierarchical approach to computer Hex},
  author={Anshelevich, Vadim V},
  journal={Artificial Intelligence},
  volume={134},
  number={1-2},
  pages={101--120},
  year={2002},
  publisher={Elsevier}
}

@book{kidd2012knowledge,
  title={Knowledge acquisition for expert systems: A practical handbook},
  author={Kidd, Alison},
  year={2012},
  publisher={Springer Science \& Business Media}
}

@book{cios2012data,
  title={Data mining methods for knowledge discovery},
  author={Cios, Krzysztof J and Pedrycz, Witold and Swiniarski, Roman W},
  volume={458},
  year={2012},
  publisher={Springer Science \& Business Media}
}

@inproceedings{xue2015alpha,
  title={Alpha-Beta-TSS in Connect6},
  author={Xue, Yang and Li, Huayu and Jiang, Tianbo},
  booktitle={The 27th Chinese Control and Decision Conference (2015 CCDC)},
  pages={3737--3742},
  year={2015},
  organization={IEEE}
}

@inproceedings{griebel2016combining,
  title={Combining Combinatorial Game Theory with an $\alpha$-$\beta$ Solver for Clobber},
  author={Griebel, Janis and Uiterwijk, JWHM},
  booktitle={BNAIC},
  pages={48--55},
  year={2016}
}


@inproceedings{frankland2015evolving,
  title={Evolving game playing strategies for othello incorporating reinforcement learning and mobility},
  author={Frankland, Clive and Pillay, Nelishia},
  booktitle={Proceedings of the 2015 Annual Research Conference on South African Institute of Computer Scientists and Information Technologists},
  pages={16},
  year={2015},
  organization={ACM}
}

@inproceedings{jain2018evolutionary,
  title={An evolutionary learning approach to play Othello using XCS},
  author={Jain, Satvik and Verma, Siddharth and Kumar, Swaraj and Aggarwal, Swati},
  booktitle={2018 IEEE Congress on Evolutionary Computation (CEC)},
  pages={1--8},
  year={2018},
  organization={IEEE}
}

@phdthesis{sasso2018reinforcement,
  title={Reinforcement Learning in the Game Lines of Action: Input Representations and Look-ahead},
  author={Sasso, Remo and van Lohuizen, Quintin},
  year={2018}
}

@article{liskowski2018learning,
  title={Learning to play Othello with deep neural networks},
  author={Liskowski, Pawe{\l} and Ja{\'s}kowski, Wojciech and Krawiec, Krzysztof},
  journal={IEEE Transactions on Games},
  volume={10},
  number={4},
  pages={354--364},
  year={2018},
  publisher={IEEE}
}

@article{jeon2018implementation,
  title={An Implementation of Othello Game Player Using ANN based Records Learning and Minimax Search Algorithm},
  author={Jeon, Youngjin and Cho, Youngwan},
  journal={The Transactions of The Korean Institute of Electrical Engineers},
  volume={67},
  number={12},
  pages={1657--1664},
  year={2018},
  publisher={The Korean Institute of Electrical Engineers}
}





@inproceedings{lorentz2017machine,
  title={Machine Learning in the Game of Breakthrough},
  author={Lorentz, Richard J and Zosa, Teofilo Erin},
  booktitle={Advances in Computer Games},
  pages={140--150},
  year={2017},
  organization={Springer}
}

@article{xie2018alphagomoku,
  title={AlphaGomoku: An AlphaGo-based Gomoku Artificial Intelligence using Curriculum Learning},
  author={Xie, Zheng and Fu, XingYu and Yu, JinYuan},
  journal={arXiv preprint arXiv:1809.10595},
  year={2018}
}

@article{wang2018mastering,
  title={Mastering the Game of Gomoku without Human Knowledge},
  author={Wang, Yuan},
  year={2018}
}

@article{wang2019novel,
  title={A novel deep residual network-based incomplete information competition strategy for four-players Mahjong games},
  author={Wang, Mingyan and Yan, Tianwei and Luo, Mingyuan and Huang, Wei},
  journal={Multimedia Tools and Applications},
  pages={1--25},
  year={2019},
  publisher={Springer}
}

@article{zheng2019study,
  title={Study on Evaluation Function Design of Mahjong using Supervised Learning},
  author={Zheng, Yeqin and Yokoyama, Soichiro and Yamashita, Tomohisa and Kawamura, Hidenori and others},
  journal={SIG-SAI},
  volume={34},
  number={5},
  pages={1--9},
  year={2019}
}

@article{gao2019building,
  title={Building a Computer Mahjong Player via Deep Convolutional Neural Networks},
  author={Gao, Shiqi and Okuya, Fuminori and Kawahara, Yoshihiro and Tsuruoka, Yoshimasa},
  journal={arXiv preprint arXiv:1906.02146},
  year={2019}
}

@article{kurita2019method,
  title={Method for Constructing Artificial Intelligence Player with Abstraction to Markov Decision Processes in Multiplayer Game of Mahjong},
  author={Kurita, Moyuru and Hoki, Kunihito},
  journal={arXiv preprint arXiv:1904.07491},
  year={2019}
}

@article{mcaleer2018solving,
  title={Solving the Rubik's Cube Without Human Knowledge},
  author={McAleer, Stephen and Agostinelli, Forest and Shmakov, Alexander and Baldi, Pierre},
  journal={arXiv preprint arXiv:1805.07470},
  year={2018}
}


@article{agostinelli2019solving,
  title={Solving the Rubik's cube with deep reinforcement learning and search},
  author={Agostinelli, Forest and McAleer, Stephen and Shmakov, Alexander and Baldi, Pierre},
  journal={Nature Machine Intelligence},
  pages={1},
  year={2019},
  publisher={Nature Publishing Group}
}



@misc{finnman2016deep,
  title={Deep reinforcement learning compared with Q-table learning applied to backgammon},
  author={Finnman, Peter and Winberg, Max},
  year={2016}
}

@article{brown2019superhuman,
  title={Superhuman AI for multiplayer poker},
  author={Brown, Noam and Sandholm, Tuomas},
  journal={Science},
  pages={eaay2400},
  year={2019},
  publisher={American Association for the Advancement of Science}
}

@article{brown2018superhuman,
  title={Superhuman AI for heads-up no-limit poker: Libratus beats top professionals},
  author={Brown, Noam and Sandholm, Tuomas},
  journal={Science},
  volume={359},
  number={6374},
  pages={418--424},
  year={2018},
  publisher={American Association for the Advancement of Science}
}

@article{balduzzi2019open,
  title={Open-ended learning in symmetric zero-sum games},
  author={Balduzzi, David and Garnelo, Marta and Bachrach, Yoram and Czarnecki, Wojciech M and Perolat, Julien and Jaderberg, Max and Graepel, Thore},
  journal={arXiv preprint arXiv:1901.08106},
  year={2019}
}

@article{botvinick2019reinforcement,
  title={Reinforcement learning, fast and slow},
  author={Botvinick, Mathew and Ritter, Sam and Wang, Jane X and Kurth-Nelson, Zeb and Blundell, Charles and Hassabis, Demis},
  journal={Trends in cognitive sciences},
  year={2019},
  publisher={Elsevier}
}

@article{leeminigo,
  title={Minigo: A Case Study in Reproducing Reinforcement Learning Research},
  author={Lee, Brian and Jackson, Andrew and Madams, Tom and Troisi, Seth and Jones, Derek}
}

@article{wu2019accelerating,
  title={Accelerating Self-Play Learning in Go},
  author={Wu, David J},
  journal={arXiv preprint arXiv:1902.10565},
  year={2019}
}

@article{wang2018monte,
  title={Monte Carlo Q-learning for General Game Playing},
  author={Wang, Hui and Emmerich, Michael and Plaat, Aske},
  journal={arXiv preprint arXiv:1802.05944},
  year={2018}
}

@article{wang2018assessing,
  title={Assessing the Potential of Classical Q-learning in General Game Playing},
  author={Wang, Hui and Emmerich, Michael and Plaat, Aske},
  journal={arXiv preprint arXiv:1810.06078},
  year={2018}
}

@article{goyette2018deep,
  title={Deep Pepper: Expert Iteration based Chess agent in the Reinforcement Learning Setting},
  author={Goyette, Kyle and Chamseddine, Ahmad and Considine, Breandan and others},
  journal={arXiv preprint arXiv:1806.00683},
  year={2018}
}

@article{anthony2019policy,
  title={Policy Gradient Search: Online Planning and Expert Iteration without Search Trees},
  author={Anthony, Thomas and Nishihara, Robert and Moritz, Philipp and Salimans, Tim and Schulman, John},
  journal={arXiv preprint arXiv:1904.03646},
  year={2019}
}

@article{soemers2019biasing,
  title={Biasing MCTS with Features for General Games},
  author={Soemers, Dennis JNJ and Piette, {\'E}ric and Browne, Cameron},
  journal={arXiv preprint arXiv:1903.08942},
  year={2019}
}

@inproceedings{rezende2017methodology,
  title={A Methodology for Creating Generic Game Playing Agents for Board Games},
  author={Rezende, Mateus and Chaimowicz, Luiz},
  booktitle={2017 16th Brazilian Symposium on Computer Games and Digital Entertainment (SBGames)},
  pages={19--28},
  year={2017},
  organization={IEEE}
}

@article{koriche2017woodstock,
  title={WoodStock: un programme-joueur g{\'e}n{\'e}rique dirig{\'e} par les contraintes stochastiques},
  author={Koriche, Fr{\'e}d{\'e}ric and Lagrue, Sylvain and Piette, {\'E}ric and Tabary, S{\'e}bastien},
  journal={RIA, num{\'e}ro sp{\'e}cial" IA des jeux informatis{\'e}s},
  volume={31},
  number={3},
  pages={281--310},
  year={2017}
}

@article{chao2018blokus,
  title={Blokus Game Solver},
  author={Chao, Chin},
  year={2018}
}

@article{glendenning2005mastering,
  title={Mastering quoridor},
  author={Glendenning, Lisa and others},
  journal={Bachelor Thesis, Department of Computer Science, The University of New Mexico},
  year={2005},
  publisher={Citeseer}
}

@article{brenner2015artificial,
  title={Artificial Intelligence for Quoridor Board Game},
  author={Brenner, Maty{\'a}{\v{s}}},
  year={2015},
  publisher={Univerzita Karlova, Matematicko-fyzik{\'a}ln{\'\i} fakulta}
}

@article{respallmonte,
  title={Monte Carlo Tree Search for Quoridor},
  author={Respall, Victor Massagu{\'e} and Brown, Joseph Alexander and Aslam, Hamna}
}

@inproceedings{gedda2018monte,
  title={Monte Carlo methods for the game Kingdomino},
  author={Gedda, Magnus and Lagerkvist, Mikael Z and Butler, Martin},
  booktitle={2018 IEEE Conference on Computational Intelligence and Games (CIG)},
  pages={1--8},
  year={2018},
  organization={IEEE}
}

@inproceedings{chang2018solve,
  title={Solve game of the amazons with neural networks and distributed computing},
  author={Chang, Yuanxing and Qiu, Hongkun},
  booktitle={2018 Chinese Control And Decision Conference (CCDC)},
  pages={6627--6632},
  year={2018},
  organization={IEEE}
}

@article{tseng2018comparison,
  title={Comparison Training for Computer Chinese Chess},
  author={Tseng, Wen-Jie and Chen Jr, -Chang and Wu, I and Wei, Tinghan and others},
  journal={arXiv preprint arXiv:1801.07411},
  year={2018}
}



@inproceedings{kartal2016generating,
  title={Generating sokoban puzzle game levels with monte carlo tree search},
  author={Kartal, Bilal and Sohre, Nick and Guy, Stephen},
  booktitle={The IJCAI-16 Workshop on General Game Playing},
  pages={47},
  year={2016}
}


@inproceedings{quinones2017game,
  title={Game design: a preliminary review on techniques and tools.},
  author={Qui{\~n}ones, Jorge Ruiz and Leiva, Antonio Jos{\'e} Fern{\'a}ndez},
  booktitle={CoSECivi},
  pages={189--201},
  year={2017}
}



@book{schell2014art,
  title={The Art of Game Design: A book of lenses},
  author={Schell, Jesse},
  year={2014},
  publisher={AK Peters/CRC Press}
}


@book{schell2010art,
  title={L'art du game design: 100 objectifs pour mieux concevoir vos jeux},
  author={Schell, Jesse},
  year={2010},
  publisher={Pearson Education France}
}

@inproceedings{zook2014automatic,
  title={Automatic game design via mechanic generation},
  author={Zook, Alexander and Riedl, Mark O},
  booktitle={Twenty-Eighth AAAI Conference on Artificial Intelligence},
  year={2014}
}

@incollection{nelson2016rules,
  title={Rules and mechanics},
  author={Nelson, Mark J and Togelius, Julian and Browne, Cameron and Cook, Michael},
  booktitle={Procedural Content Generation in Games},
  pages={99--121},
  year={2016},
  publisher={Springer}
}

@inproceedings{nielsen2015towards,
  title={Towards generating arcade game rules with VGDL},
  author={Nielsen, Thorbj{\o}rn S and Barros, Gabriella AB and Togelius, Julian and Nelson, Mark J},
  booktitle={2015 IEEE Conference on Computational Intelligence and Games (CIG)},
  pages={185--192},
  year={2015},
  organization={IEEE}
}

@book{yannakakis2018artificial,
  title={Artificial intelligence and games},
  author={Yannakakis, Georgios N and Togelius, Julian},
  volume={2},
  year={2018},
  publisher={Springer}
}

@article{zhao2019winning,
  title={Winning Isn't Everything: Training Human-Like Agents for Playtesting and Game AI},
  author={Zhao, Yunqi and Borovikov, Igor and Beirami, Ahmad and Rupert, Jason and Somers, Caedmon and Harder, Jesse and Silva, Fernando de Mesentier and Kolen, John and Pinto, Jervis and Pourabolghasem, Reza and others},
  journal={arXiv preprint arXiv:1903.10545},
  year={2019}
}


@article{maheshwari2018exploring,
  title={Exploring Exploration},
  author={Maheshwari, C and Deshpande, O},
  year={2018}
}



@article{baranes2013active,
  title={Active learning of inverse models with intrinsically motivated goal exploration in robots},
  author={Baranes, Adrien and Oudeyer, Pierre-Yves},
  journal={Robotics and Autonomous Systems},
  volume={61},
  number={1},
  pages={49--73},
  year={2013},
  publisher={Elsevier}
}

@article{colas2018curious,
  title={CURIOUS: Intrinsically Motivated Multi-Task, Multi-Goal Reinforcement Learning},
  author={Colas, C{\'e}dric and Sigaud, Olivier and Oudeyer, Pierre-Yves},
  journal={arXiv preprint arXiv:1810.06284},
  year={2018}
}

@article{colas2018gep,
  title={Gep-pg: Decoupling exploration and exploitation in deep reinforcement learning algorithms},
  author={Colas, C{\'e}dric and Sigaud, Olivier and Oudeyer, Pierre-Yves},
  journal={arXiv preprint arXiv:1802.05054},
  year={2018}
}

@article{laversanne2018curiosity,
  title={Curiosity driven exploration of learned disentangled goal spaces},
  author={Laversanne-Finot, Adrien and P{\'e}r{\'e}, Alexandre and Oudeyer, Pierre-Yves},
  journal={arXiv preprint arXiv:1807.01521},
  year={2018}
}

@article{pere2018unsupervised,
  title={Unsupervised learning of goal spaces for intrinsically motivated goal exploration},
  author={P{\'e}r{\'e}, Alexandre and Forestier, S{\'e}bastien and Sigaud, Olivier and Oudeyer, Pierre-Yves},
  journal={arXiv preprint arXiv:1803.00781},
  year={2018}
}

@inproceedings{aubret19,
  author    = {Aubret, Arthur and Matignon, Laetitia and Hassas, Salima},
  title     = {{\'E}tude de la motivation intrins{\`e}que en apprentissage par renforcement},
  booktitle = {Conf{\'e}rence sur l'Apprentissage Automatique,
              1-2 juillet 2019, Toulouse, France},
  pages     = {33--41},
  year      = {2019}
}






@article{weinshall2018curriculum,
  title={Curriculum learning by transfer learning: Theory and experiments with deep networks},
  author={Weinshall, Daphna and Cohen, Gad and Amir, Dan},
  journal={arXiv preprint arXiv:1802.03796},
  year={2018}
}

@inproceedings{graves2017automated,
  title={Automated curriculum learning for neural networks},
  author={Graves, Alex and Bellemare, Marc G and Menick, Jacob and Munos, Remi and Kavukcuoglu, Koray},
  booktitle={Proceedings of the 34th International Conference on Machine Learning-Volume 70},
  pages={1311--1320},
  year={2017},
  organization={JMLR. org}
}

@inproceedings{du2018intra,
  title={Intra-task Curriculum Learning for Faster Reinforcement Learning in Video Games},
  author={du Preez-Wilkinson, Nathaniel and Gallagher, Marcus and Hu, Xuelei},
  booktitle={Australasian Joint Conference on Artificial Intelligence},
  pages={65--70},
  year={2018},
  organization={Springer}
}

@article{west2019improved,
  title={Improved Reinforcement Learning with Curriculum},
  author={West, Joseph and Maire, Frederic and Browne, Cameron and Denman, Simon},
  journal={arXiv preprint arXiv:1903.12328},
  year={2019}
}

@article{shao2018starcraft,
  title={Starcraft micromanagement with reinforcement learning and curriculum transfer learning},
  author={Shao, Kun and Zhu, Yuanheng and Zhao, Dongbin},
  journal={IEEE Transactions on Emerging Topics in Computational Intelligence},
  volume={3},
  number={1},
  pages={73--84},
  year={2018},
  publisher={IEEE}
}


@article{justesen2019deep,
  title={Deep learning for video game playing},
  author={Justesen, Niels and Bontrager, Philip and Togelius, Julian and Risi, Sebastian},
  journal={IEEE Transactions on Games},
  year={2019},
  publisher={IEEE}
}

@article{espeholt2018impala,
  title={Impala: Scalable distributed deep-rl with importance weighted actor-learner architectures},
  author={Espeholt, Lasse and Soyer, Hubert and Munos, Remi and Simonyan, Karen and Mnih, Volodymir and Ward, Tom and Doron, Yotam and Firoiu, Vlad and Harley, Tim and Dunning, Iain and others},
  journal={arXiv preprint arXiv:1802.01561},
  year={2018}
}

@article{soemers2021deep,
  title={Deep learning for general game playing with ludii and polygames},
  author={Soemers, Dennis JNJ and Mella, Vegard and Browne, Cameron and Teytaud, Olivier},
  journal={arXiv preprint arXiv:2101.09562},
  year={2021}
}

@article{aich2018global,
  title={Global sum pooling: A generalization trick for object counting with small datasets of large images},
  author={Aich, Shubhra and Stavness, Ian},
  journal={arXiv preprint arXiv:1805.11123},
  year={2018}
}

@inproceedings{zerbel2019multiagent,
  title={Multiagent monte carlo tree search},
  author={Zerbel, Nicholas and Yliniemi, Logan},
  booktitle={Proceedings of the 18th International Conference on Autonomous Agents and MultiAgent Systems},
  pages={2309--2311},
  year={2019}
}

@inproceedings{luckhart1986algorithmic,
  title={An Algorithmic Solution of N-Person Games.},
  author={Luckhart, Carol and Irani, Keki B},
  booktitle={AAAI},
  volume={86},
  pages={158--162},
  year={1986}
}

@article{korf1991multi,
  title={Multi-player alpha-beta pruning},
  author={Korf, Richard E},
  journal={Artificial Intelligence},
  volume={48},
  number={1},
  pages={99--111},
  year={1991},
  publisher={Elsevier}
}

@inproceedings{sturtevant2003last,
  title={Last-branch and speculative pruning algorithms for Max\^{} n},
  author={Sturtevant, Nathan R},
  booktitle={IJCAI},
  volume={3},
  pages={669--678},
  year={2003},
  organization={Citeseer}
}

@article{petosa2019multiplayer,
  title={Multiplayer AlphaZero},
  author={Petosa, Nick and Balch, Tucker},
  journal={arXiv preprint arXiv:1910.13012},
  year={2019}
}

@inproceedings{baier2020opponent,
  title={Opponent-Pruning Paranoid Search},
  author={Baier, Hendrik and Kaisers, Michael},
  booktitle={International Conference on the Foundations of Digital Games},
  pages={1--7},
  year={2020}
}

@inproceedings{baier2020guiding,
  title={Guiding Multiplayer MCTS by Focusing on Yourself},
  author={Baier, Hendrik and Kaisers, Michael},
  booktitle={2020 IEEE Conference on Games (CoG)},
  pages={550--557},
  year={2020},
  organization={IEEE}
}

@inproceedings{nijssen2012overview,
  title={An overview of search techniques in multi-player games},
  author={Nijssen, JAM and Winands, Mark HM},
  booktitle={Computer Games Workshop at ECAI},
  pages={50--61},
  year={2012}
}

@article{schadd2011best,
  title={Best reply search for multiplayer games},
  author={Schadd, Maarten PD and Winands, Mark HM},
  journal={IEEE Transactions on Computational Intelligence and AI in Games},
  volume={3},
  number={1},
  pages={57--66},
  year={2011},
  publisher={IEEE}
}

@inproceedings{fridenfalk2014n,
  title={N-Person Minimax and Alpha-Beta Pruning},
  author={Fridenfalk, Mikael},
  booktitle={NICOGRAPH International 2014, Visby, Sweden, May 2014},
  pages={43--52},
  year={2014}
}
