@inproceedings{goodfellow2014generative,
  title={Generative adversarial nets},
  author={Goodfellow, Ian and Pouget-Abadie, Jean and Mirza, Mehdi and Xu, Bing and Warde-Farley, David and Ozair, Sherjil and Courville, Aaron and Bengio, Yoshua},
  booktitle={Proceedings of Advances in Neural Information Processing Systems},
  year={2014}
}
@article{pfau2016connecting,
  title={Connecting generative adversarial networks and actor-critic methods},
  author={Pfau, David and Vinyals, Oriol},
  journal={arXiv preprint arXiv:1610.01945},
  year={2016}
}
@inproceedings{gu2017badnets,
  title={Badnets: Identifying vulnerabilities in the machine learning model supply chain},
  author={Gu, Tianyu and Dolan-Gavitt, Brendan and Garg, Siddharth},
  journal={arXiv preprint arXiv:1708.06733},
  booktitle={Proceedings of Machine Learning and Computer Security Workshop},
  year={2017}
}
@article{chen2017targeted,
  title={Targeted backdoor attacks on deep learning systems using data poisoning},
  author={Chen, Xinyun and Liu, Chang and Li, Bo and Lu, Kimberly and Song, Dawn},
  journal={arXiv preprint arXiv:1712.05526},
  year={2017}
}
@inproceedings{yao2019latent,
  title={Latent Backdoor Attacks on Deep Neural Networks},
  author={Yao, Yuanshun and Li, Huiying and Zheng, Haitao and Zhao, Ben Y},
  booktitle={Proceedings of the 2019 ACM SIGSAC Conference on Computer and Communications Security},
  pages={2041--2055},
  year={2019}
}
@inproceedings{wang2019neural,
  title={Neural cleanse: Identifying and mitigating backdoor attacks in neural networks},
  author={Wang, Bolun and Yao, Yuanshun and Shan, Shawn and Li, Huiying and Viswanath, Bimal and Zheng, Haitao and Zhao, Ben Y},
  booktitle={Proceedings of 40th IEEE Symposium on Security and Privacy},
  year={2019},
}
@inproceedings{tran2018spectral,
  title={Spectral signatures in backdoor attacks},
  author={Tran, Brandon and Li, Jerry and Madry, Aleksander},
  booktitle={Proceedings of Advances in Neural Information Processing Systems},
  year={2018}
}
@article{chen2018detecting,
  title={Detecting backdoor attacks on deep neural networks by activation clustering},
  author={Chen, Bryant and Carvalho, Wilka and Baracaldo, Nathalie and Ludwig, Heiko and Edwards, Benjamin and Lee, Taesung and Molloy, Ian and Srivastava, Biplav},
  journal={arXiv preprint arXiv:1811.03728},
  year={2018}
}
@article{goodfellow2014explaining,
  title={Explaining and harnessing adversarial examples},
  author={Goodfellow, Ian J and Shlens, Jonathon and Szegedy, Christian},
  journal={arXiv preprint arXiv:1412.6572},
  year={2014}
}
@inproceedings{belghazi2018mine,
  title={Mine: mutual information neural estimation},
  author={Belghazi, Mohamed Ishmael and Baratin, Aristide and Rajeswar, Sai and Ozair, Sherjil and Bengio, Yoshua and Courville, Aaron and Hjelm, R Devon},
  journal={arXiv preprint arXiv:1801.04062},
  booktitle={Proceedings of International Conference on Machine Learning},
  year={2018}
}
@article{donsker1983asymptotic,
  title={Asymptotic evaluation of certain Markov process expectations for large time. IV},
  author={Donsker, Monroe D and Varadhan, SR Srinivasa},
  journal={Communications on Pure and Applied Mathematics},
  year={1983},
}
@article{turner2018clean,
  title={Clean-Label Backdoor Attacks},
  author={Turner, Alexander and Tsipras, Dimitris and Madry, Aleksander},
  year={2018}
}
@inproceedings{liu2017trojaning,
  title={Trojaning attack on neural networks},
  author={Liu, Yingqi and Ma, Shiqing and Aafer, Yousra and Lee, Wen-Chuan and Zhai, Juan and Wang, Weihang and Zhang, Xiangyu},
  booktitle={Proceedings of Network and Distributed System Security Symposium},
  year={2018}
}
@article{liao2018backdoor,
  title={Backdoor embedding in convolutional neural network models via invisible perturbation},
  author={Liao, Cong and Zhong, Haoti and Squicciarini, Anna and Zhu, Sencun and Miller, David},
  journal={arXiv preprint arXiv:1808.10307},
  year={2018}
}
@inproceedings{liu2018fine,
  title={Fine-pruning: Defending against backdooring attacks on deep neural networks},
  author={Liu, Kang and Dolan-Gavitt, Brendan and Garg, Siddharth},
  booktitle={Proceedings of International Symposium on Research in Attacks, Intrusions, and Defenses},
  year={2018},
}
@inproceedings{liu2019abs,
  title={ABS: Scanning neural networks for back-doors by artificial brain stimulation},
  author={Liu, Yingqi and Lee, Wen-Chuan and Tao, Guanhong and Ma, Shiqing and Aafer, Yousra and Zhang, Xiangyu},
  booktitle={Proceedings of the 2019 ACM SIGSAC Conference on Computer and Communications Security},
  pages={1265--1282},
  year={2019}
}
@inproceedings{gao2019strip,
  title={Strip: A defence against trojan attacks on deep neural networks},
  author={Gao, Yansong and Xu, Change and Wang, Derui and Chen, Shiping and Ranasinghe, Damith C and Nepal, Surya},
  booktitle={Proceedings of the 35th Annual Computer Security Applications Conference},
  pages={113--125},
  year={2019}
}
@article{udeshi2019model,
  title={Model Agnostic Defence against Backdoor Attacks in Machine Learning},
  author={Udeshi, Sakshi and Peng, Shanshan and Woo, Gerald and Loh, Lionell and Rawshan, Louth and Chattopadhyay, Sudipta},
  journal={arXiv preprint arXiv:1908.02203},
  year={2019}
}

@article{chou2018sentinet,
  title={SentiNet: Detecting Physical Attacks Against Deep Learning Systems},
  author={Chou, Edward and Tram{\`e}r, Florian and Pellegrino, Giancarlo and Boneh, Dan},
  journal={arXiv preprint arXiv:1812.00292},
  year={2018}
}
@article{brown2017adversarial,
  title={Adversarial patch},
  author={Brown, Tom B and Man{\'e}, Dandelion and Roy, Aurko and Abadi, Mart{\'\i}n and Gilmer, Justin},
  journal={arXiv preprint arXiv:1712.09665},
  year={2017}
}
@article{brock2018large,
  title={Large scale gan training for high fidelity natural image synthesis},
  author={Brock, Andrew and Donahue, Jeff and Simonyan, Karen},
  journal={arXiv preprint arXiv:1809.11096},
  year={2018}
}
@inproceedings{ulyanov2018deep,
  title={Deep image prior},
  author={Ulyanov, Dmitry and Vedaldi, Andrea and Lempitsky, Victor},
  booktitle={Proceedings of the IEEE Conference on Computer Vision and Pattern Recognition},
  year={2018}
}
@inproceedings{lucic2018gans,
  title={Are gans created equal? a large-scale study},
  author={Lucic, Mario and Kurach, Karol and Michalski, Marcin and Gelly, Sylvain and Bousquet, Olivier},
  booktitle={Proceedings of Advances in neural information processing systems},
  year={2018}
}
@inproceedings{kingma2013auto,
  title={Auto-encoding variational bayes},
  author={Kingma, Diederik P and Welling, Max},
  journal={arXiv preprint arXiv:1312.6114},
  booktitle={Proceedings of International Conference on Learning Representations},
  year={2014}
}
@article{beirlant1997nonparametric,
  title={Nonparametric entropy estimation: An overview},
  author={Beirlant, Jan and Dudewicz, Edward J and Gy{\"o}rfi, L{\'a}szl{\'o} and Van der Meulen, Edward C},
  journal={International Journal of Mathematical and Statistical Sciences},
  year={1997},
}
@article{radford2015unsupervised,
  title={Unsupervised representation learning with deep convolutional generative adversarial networks},
  author={Radford, Alec and Metz, Luke and Chintala, Soumith},
  journal={arXiv preprint arXiv:1511.06434},
  year={2015}
}
@inproceedings{szegedy2013intriguing,
  title={Intriguing properties of neural networks},
  author={Szegedy, Christian and Zaremba, Wojciech and Sutskever, Ilya and Bruna, Joan and Erhan, Dumitru and Goodfellow, Ian and Fergus, Rob},
  booktitle={Proceedings of International Conference on Learning Representations},
  year={2014}
}
@article{cortes1995support,
  title={Support-vector networks},
  author={Cortes, Corinna and Vapnik, Vladimir},
  journal={Machine learning},
  volume={20},
  number={3},
  pages={273--297},
  year={1995},
  publisher={Springer}
}
@inproceedings{van2016conditional,
  title={Conditional image generation with pixelcnn decoders},
  author={Van den Oord, Aaron and Kalchbrenner, Nal and Espeholt, Lasse and Vinyals, Oriol and Graves, Alex and others},
  booktitle={Proceedings of Advances in neural information processing systems},
  year={2016}
}
@inproceedings{kingma2018glow,
  title={Glow: Generative flow with invertible 1x1 convolutions},
  author={Kingma, Durk P and Dhariwal, Prafulla},
  booktitle={Proceedings of Advances in Neural Information Processing Systems},
  year={2018}
}
@inproceedings{he2016deep,
  title={Deep residual learning for image recognition},
  author={He, Kaiming and Zhang, Xiangyu and Ren, Shaoqing and Sun, Jian},
  booktitle={Proceedings of the IEEE conference on computer vision and pattern recognition},
  year={2016}
}
@article{kingma2014adam,
  title={Adam: A method for stochastic optimization},
  author={Kingma, Diederik P and Ba, Jimmy},
  journal={arXiv preprint arXiv:1412.6980},
  year={2014}
}
@article{robbins1951stochastic,
  title={A stochastic approximation method},
  author={Robbins, Herbert and Monro, Sutton},
  journal={The annals of mathematical statistics},
  pages={400--407},
  year={1951},
  publisher={JSTOR}
}
@inproceedings{sutskever2013importance,
  title={On the importance of initialization and momentum in deep learning},
  author={Sutskever, Ilya and Martens, James and Dahl, George and Hinton, Geoffrey},
  booktitle={Proceedings of International conference on machine learning},
  pages={1139--1147},
  year={2013}
}
@article{maaten2008visualizing,
  title={Visualizing data using t-SNE},
  author={Maaten, Laurens van der and Hinton, Geoffrey},
  journal={Journal of machine learning research},
  volume={9},
  pages={2579--2605},
  year={2008}
}
@inproceedings{sklearn_api,
  author    = {Lars Buitinck and Gilles Louppe and Mathieu Blondel and
               Fabian Pedregosa and Andreas Mueller and Olivier Grisel and
               Vlad Niculae and Peter Prettenhofer and Alexandre Gramfort
               and Jaques Grobler and Robert Layton and Jake VanderPlas and
               Arnaud Joly and Brian Holt and Ga{\"{e}}l Varoquaux},
  title     = {{API} design for machine learning software: experiences from the scikit-learn
               project},
  booktitle = {ECML PKDD Workshop: Languages for Data Mining and Machine Learning},
  year      = {2013},
  pages = {108--122},
}

@inproceedings{Shocher2020Mar,
	author = {Shocher, Assaf and Gandelsman, Yossi and Mosseri, Inbar and Yarom, Michal and Irani, Michal and Freeman, William T. and Dekel, Tali},
	title = {{Semantic Pyramid for Image Generation}},
	booktitle = {Proceedings of the IEEE conference on computer vision and pattern recognition},
	year = {2020},
}

@article{salem2020dynamic,
  title={Dynamic Backdoor Attacks Against Machine Learning Models},
  author={Salem, Ahmed and Wen, Rui and Backes, Michael and Ma, Shiqing and Zhang, Yang},
  journal={arXiv preprint arXiv:2003.03675},
  year={2020}
}

@inproceedings{Cheng2019,
	author = {Cheng, Hao and Xu, Kaidi and Liu, Sijia and Chen, Pin-Yu and Zhao, Pu and Lin, Xue},
	title = {{Defending against Backdoor Attack on Deep Neural Networks}},
	booktitle = {Proceedings of the 25th ACM SIGKDD International Conference on Knowledge Discovery \& Data Mining Workshop},
	year = {2019}
}

@inproceedings{selvaraju2017grad,
  title={Grad-cam: Visual explanations from deep networks via gradient-based localization},
  author={Selvaraju, Ramprasaath R and Cogswell, Michael and Das, Abhishek and Vedantam, Ramakrishna and Parikh, Devi and Batra, Dhruv},
  booktitle={Proceedings of the IEEE international conference on computer vision},
  pages={618--626},
  year={2017}
}
@article{Doan2019Aug,
	author = {Doan, Bao Gia and Abbasnejad, Ehsan and Ranasinghe, Damith C.},
	title = {{Februus: Input Purification Defense Against Trojan Attacks on Deep Neural Network Systems}},
	journal = {arXiv},
	year = {2019},
	month = {Aug},
	eprint = {1908.03369},
	url = {https://arxiv.org/abs/1908.03369}
}
@inproceedings{MSGAN,
  author = {Mao, Qi and Lee, Hsin-Ying and Tseng, Hung-Yu and Ma, Siwei and Yang, Ming-Hsuan},
  booktitle = {IEEE Conference on Computer Vision and Pattern Recognition},
  title = {Mode Seeking Generative Adversarial Networks for Diverse Image Synthesis},
  year = {2019}
}
@article{xu2017feature,
  title={Feature squeezing: Detecting adversarial examples in deep neural networks},
  author={Xu, Weilin and Evans, David and Qi, Yanjun},
  journal={arXiv preprint arXiv:1704.01155},
  year={2017}
}
@article{lecun1998gradient,
  title={Gradient-based learning applied to document recognition},
  author={LeCun, Yann and Bottou, L{\'e}on and Bengio, Yoshua and Haffner, Patrick},
  journal={Proceedings of the IEEE},
  volume={86},
  number={11},
  pages={2278--2324},
  year={1998},
  publisher={Ieee}
}
@article{krizhevsky2009learning,
  title={Learning multiple layers of features from tiny images},
  author={Krizhevsky, A. and Hinton, G.},
  journal={Master's thesis, Department of Computer Science, University of Toronto},
  year={2009},
  publisher={Citeseer}
}
@article{stallkamp2012man,
  title={Man vs. computer: Benchmarking machine learning algorithms for traffic sign recognition},
  author={Stallkamp, Johannes and Schlipsing, Marc and Salmen, Jan and Igel, Christian},
  journal={Neural networks},
  volume={32},
  pages={323--332},
  year={2012},
  publisher={Elsevier}
}
@inproceedings{he2016identity,
  title={Identity mappings in deep residual networks},
  author={He, Kaiming and Zhang, Xiangyu and Ren, Shaoqing and Sun, Jian},
  booktitle={European conference on computer vision},
  pages={630--645},
  year={2016},
  organization={Springer}
}
@misc{kuangliu2020May,
	author = {kuangliu},
	title = {{pytorch-cifar}},
	journal = {GitHub},
	year = {2020},
	month = {May},
	note = {[Online; accessed 4. Jun. 2020]},
	url = {https://github.com/kuangliu/pytorch-cifar}
}
@inproceedings{qiao2019defending,
  title={Defending Neural Backdoors via Generative Distribution Modeling},
  author={Qiao, Ximing and Yang, Yukun and Li, Hai},
  booktitle={Advances in Neural Information Processing Systems},
  pages={14004--14013},
  year={2019}
}

@misc{zhao2020bridging,
      title={Bridging Mode Connectivity in Loss Landscapes and Adversarial Robustness}, 
      author={Pu Zhao and Pin-Yu Chen and Payel Das and Karthikeyan Natesan Ramamurthy and Xue Lin},
      year={2020},
      eprint={2005.00060},
      archivePrefix={arXiv},
      primaryClass={cs.LG}
}

@misc{ji2019programmable,
      title={Programmable Neural Network Trojan for Pre-Trained Feature Extractor}, 
      author={Yu Ji and Zixin Liu and Xing Hu and Peiqi Wang and Youhui Zhang},
      year={2019},
      eprint={1901.07766},
      archivePrefix={arXiv},
      primaryClass={cs.CR}
}

@misc{garipov2018loss,
      title={Loss Surfaces, Mode Connectivity, and Fast Ensembling of DNNs}, 
      author={Timur Garipov and Pavel Izmailov and Dmitrii Podoprikhin and Dmitry Vetrov and Andrew Gordon Wilson},
      year={2018},
      eprint={1802.10026},
      archivePrefix={arXiv},
      primaryClass={stat.ML}
}