% Use this file for citations not found in the ACL Anthology (contained in "anthology.bib").

@book{Aho:72,
    author  = {Alfred V. Aho and Jeffrey D. Ullman},
    title   = {The Theory of Parsing, Translation and Compiling},
    year    = "1972",
    volume  = "1",
    publisher = {Prentice-Hall},
    address = {Englewood Cliffs, NJ},
    url={https://dl.acm.org/doi/pdf/10.5555/578789}
}

@book{APA:83,
    author  = {{American Psychological Association}},
    title   = {Publications Manual},
    year    = "1983",
    publisher = {American Psychological Association},
    address = {Washington, DC},
    url={}
}

@article{Chandra:81,
	author = {Ashok K. Chandra and Dexter C. Kozen and Larry J. Stockmeyer},
	year = "1981",
	title = {Alternation},
	journal = {Journal of the Association for Computing Machinery},
	volume = "28",
	number = "1",
	pages = "114--133",
	doi = "10.1145/322234.322243",
}

@inproceedings{andrew2007scalable,
  title={Scalable training of {L1}-regularized log-linear models},
  author={Andrew, Galen and Gao, Jianfeng},
  booktitle={Proceedings of the 24th International Conference on Machine Learning},
  pages={33--40},
  year={2007},
  url={https://www.microsoft.com/en-us/research/wp-content/uploads/2007/01/andrew07scalable.pdf},
}

@book{Gusfield:97,
    author  = {Dan Gusfield},
    title   = {Algorithms on Strings, Trees and Sequences},
    year    = "1997",
    publisher = {Cambridge University Press},
    address = {Cambridge, UK},
    url={}
}

@article{rasooli-tetrault-2015,
    author    = {Mohammad Sadegh Rasooli and Joel R. Tetreault},
    title     = {Yara Parser: {A} Fast and Accurate Dependency Parser},
    journal   = {Computing Research Repository},
    volume    = {arXiv:1503.06733},
    year      = {2015},
    url       = {http://arxiv.org/abs/1503.06733},
    note    = {version 2},
    url={https://arxiv.org/pdf/1503.06733.pdf}
}

@article{Ando2005,
	Acmid = {1194905},
	Author = {Ando, Rie Kubota and Zhang, Tong},
	Issn = {1532-4435},
	Issue_Date = {12/1/2005},
	Journal = {Journal of Machine Learning Research},
	Month = dec,
	Numpages = {37},
	Pages = {1817--1853},
	Publisher = {JMLR.org},
	Title = {A Framework for Learning Predictive Structures from Multiple Tasks and Unlabeled Data},
	Volume = {6},
	Year = {2005},
	url={https://www.jmlr.org/papers/volume6/ando05a/ando05a.pdf}
}

@incollection{Bengio+chapter2007,
author = {Bengio, Yoshua and LeCun, Yann},
booktitle = {Large Scale Kernel Machines},
publisher = {MIT Press},
title = {Scaling Learning Algorithms Towards {AI}},
year = {2007},
url={http://yann.lecun.com/exdb/publis/pdf/bengio-lecun-07.pdf}
}

@article{Hinton06,
author = {Hinton, Geoffrey E. and Osindero, Simon and Teh, Yee Whye},
journal = {Neural Computation},
pages = {1527--1554},
title = {A Fast Learning Algorithm for Deep Belief Nets},
volume = {18},
year = {2006},
url={https://www.cs.toronto.edu/~hinton/absps/fastnc.pdf}
}

@book{goodfellow2016deep,
title={Deep learning},
author={Goodfellow, Ian and Bengio, Yoshua and Courville, Aaron},
volume={1},
year={2016},
publisher={MIT Press},
url={https://www.deeplearningbook.org/front_matter.pdf}
}

@inproceedings{nat,
    title = {Non-Autoregressive Neural Machine Translation},
    author = {Jiatao Gu and James Bradbury and Caiming Xiong and Victor O.K. Li and Richard Socher},
    booktitle = {ICLR},
    year = {2018},
    url={https://openreview.net/pdf?id=B1l8BtlCb}
}

@inproceedings{iter_nat,
  title = {Deterministic Non-Autoregressive Neural Sequence Modeling by Iterative Refinement},
  author = {Lee, Jason and Mansimov, Elman and Cho, Kyunghyun},
  booktitle = {EMNLP},
  pages = {1173--1182},
  year={2018},
  url={https://www.aclweb.org/anthology/D18-1149.pdf}
}

@inproceedings{transformer,
  title = {Attention is all you need},
  author = {Vaswani, Ashish and Shazeer, Noam and Parmar, Niki and Uszkoreit, Jakob and Jones, Llion and Gomez, Aidan N and Kaiser, {\L}ukasz and Polosukhin, Illia},
  booktitle= {NIPS},
  pages = {5998--6008},
  year = {2017},
  url={https://papers.nips.cc/paper/2017/file/3f5ee243547dee91fbd053c1c4a845aa-Paper.pdf}
}

@article{attn_seq_to_seq,
  title = {Neural machine translation by jointly learning to align and translate},
  author = {Bahdanau, Dzmitry and Cho, Kyunghyun and Bengio, Yoshua},
  journal = {arXiv preprint arXiv:1409.0473},
  year={2014},
  url={https://arxiv.org/pdf/1409.0473.pdf}
}

@inproceedings{rnn_search,
  title= {Learning Phrase Representations using RNN Encoder--Decoder for Statistical Machine Translation},
  author= {Cho, Kyunghyun and van Merrienboer, Bart and Gulcehre, Caglar and Bahdanau, Dzmitry and Bougares, Fethi and Schwenk, Holger and Bengio, Yoshua},
  booktitle= {EMNLP},
  pages={1724--1734},
  year={2014},
  url={https://www.aclweb.org/anthology/D14-1179.pdf}
}

@inproceedings{cnn_seq,
  title = {Convolutional sequence to sequence learning},
  author= {Gehring, Jonas and Auli, Michael and Grangier, David and Yarats, Denis and Dauphin, Yann N},
  booktitle= {ICML},
  pages= {1243--1252},
  year= {2017},
  url={http://proceedings.mlr.press/v70/gehring17a/gehring17a.pdf}
}

@article{indigo,
  title = {Insertion-based decoding with automatically inferred generation order},
  author = {Gu, Jiatao and Liu, Qi and Cho, Kyunghyun},
  journal = {arXiv preprint arXiv:1902.01370},
  year = {2019},
  url={https://www.aclweb.org/anthology/Q19-1042.pdf}
}

@article{table_data,
  title={Table-to-text Generation by Structure-aware Seq2seq Learning},
  author={Liu, Tianyu and Wang, Kexiang and Sha, Lei and Chang, Baobao and Sui, Zhifang},
  journal={arXiv preprint arXiv:1711.09724},
  year={2017},
  url={https://arxiv.org/pdf/1711.09724.pdf}
}

@inproceedings{bleu,
  title={{BLEU}: A method for automatic evaluation of machine translation},
  author={Papineni, Kishore and Roukos, Salim and Ward, Todd and Zhu, Wei-Jing},
  booktitle={ACL},
  pages={311--318},
  year={2002},
  url={https://www.aclweb.org/anthology/P02-1040.pdf}
}

@inproceedings{CGMH,
  title={{CGMH:} {C}onstrained Sentence Generation by {Metropolis-Hastings} Sampling},
  author={Miao, Ning and Zhou, Hao and Mou, Lili and Yan, Rui and Li, Lei},
  booktitle={AAAI},
  year={2019},
  url={https://arxiv.org/pdf/1811.10996.pdf}
}

@inproceedings{Moses,
 author = {Koehn, Philipp and Hoang, Hieu and Birch, Alexandra and Callison-Burch, Chris and Federico, Marcello and Bertoldi, Nicola and Cowan, Brooke and Shen, Wade and Moran, Christine and Zens, Richard and Dyer, Chris and Bojar, Ond\v{r}ej and Constantin, Alexandra and Herbst, Evan},
 title = {Moses: Open Source Toolkit for Statistical Machine Translation},
 booktitle = {ACL},
 year = {2007},
 pages = {177--180},
 url={https://www.aclweb.org/anthology/P07-2045.pdf}
} 

@article{hinton2015distilling,
  title={Distilling the knowledge in a neural network},
  author={Hinton, Geoffrey and Vinyals, Oriol and Dean, Jeff},
  journal={arXiv preprint arXiv:1503.02531},
  year={2015},
  url={https://arxiv.org/pdf/1503.02531.pdf}
}

@inproceedings{kim2016sequence,
  title={Sequence-Level Knowledge Distillation},
  author={Kim, Yoon and Rush, Alexander M},
  booktitle={EMNLP},
  pages={1317--1327},
  year={2016},
  url={https://www.aclweb.org/anthology/D16-1139.pdf}
}

@inproceedings{bpe,
  title={Neural Machine Translation of Rare Words with Subword Units},
  author={Sennrich, Rico and Haddow, Barry and Birch, Alexandra},
  booktitle={ACL},
  pages={1715--1725},
  year={2016},
  url={https://www.aclweb.org/anthology/P16-1162.pdf}
}

@inproceedings{enat,
  title={Non-autoregressive neural machine translation with enhanced decoder input},
  author={Guo, Junliang and Tan, Xu and He, Di and Qin, Tao and Xu, Linli and Liu, Tie-Yan},
  booktitle={AAAI},
  volume={33},
  pages={3723--3730},
  year={2019},
  url={https://arxiv.org/pdf/1812.09664.pdf}
}

@inproceedings{nat_reg,
  title={Non-autoregressive machine translation with auxiliary regularization},
  author={Wang, Yiren and Tian, Fei and He, Di and Qin, Tao and Zhai, ChengXiang and Liu, Tie-Yan},
  booktitle={AAAI},
  year={2019},
  url={https://arxiv.org/pdf/1902.10245.pdf}
}

@inproceedings{imitate_nat,
  title={Imitation Learning for Non-Autoregressive Neural Machine Translation},
  author={Wei, Bingzhen and Wang, Mingxuan and Zhou, Hao and Lin, Junyang and Sun, Xu},
  booktitle={ACL},
  year={2019},
  url={https://www.aclweb.org/anthology/P19-1125.pdf}
}

@inproceedings{hint_nat,
  title={Hint-based Training for Non-Autoregressive Translation},
  author={Li, Zhuohan and He, Di and Tian, Fei and Qin, Tao and Wang, Liwei and Liu, Tie-Yan},
  booktitle={NeuralIPS~(to appear)},
  year={2019},
  url={https://openreview.net/pdf?id=r1gGpjActQ}
}

@inproceedings{cnn,
  title={Imagenet classification with deep convolutional neural networks},
  author={Krizhevsky, Alex and Sutskever, Ilya and Hinton, Geoffrey E},
  booktitle={NIPS},
  pages={1097--1105},
  year={2012},
  url={https://papers.nips.cc/paper/2012/file/c399862d3b9d6b76c8436e924a68c45b-Paper.pdf}
}

@inproceedings{lcsts,
  title={LCSTS: A Large Scale Chinese Short Text Summarization Dataset},
  author={Hu, Baotian and Chen, Qingcai and Zhu, Fangze},
  booktitle={EMNLP},
  pages={1967--1972},
  year={2015},
  url={https://www.aclweb.org/anthology/D15-1229.pdf}
}

@inproceedings{gu2016incorporating,
  title={Incorporating Copying Mechanism in Sequence-to-Sequence Learning},
  author={Gu, Jiatao and Lu, Zhengdong and Li, Hang and Li, Victor OK},
  booktitle={Proceedings of the 54th Annual Meeting of the Association for Computational Linguistics (Volume 1: Long Papers)},
  pages={1631--1640},
  year={2016},
  url={https://www.aclweb.org/anthology/P16-1154.pdf}
}

@inproceedings{sundermeyer2012lstm,
  title={LSTM neural networks for language modeling},
  author={Sundermeyer, Martin and Schl{\"u}ter, Ralf and Ney, Hermann},
  booktitle={InterSpeech},
  year={2012},
  url={}
}

@article{wainwright2008graphical,
  title={Graphical models, exponential families, and variational inference},
  author={Wainwright, Martin J and Jordan, Michael I and others},
  journal={Foundations and Trends{\textregistered} in Machine Learning},
  volume={1},
  number={1--2},
  pages={1--305},
  year={2008},
  publisher={Now Publishers, Inc.},
  url={https://people.eecs.berkeley.edu/~wainwrig/Papers/WaiJor08_FTML.pdf}
}

@inproceedings{shaw2018self,
  title={Self-Attention with Relative Position Representations},
  author={Shaw, Peter and Uszkoreit, Jakob and Vaswani, Ashish},
  booktitle={NAACL-HLT},
  pages={464--468},
  year={2018},
  url={https://www.aclweb.org/anthology/N18-2074.pdf}
}

@inproceedings{pointer,
  title={Pointer networks},
  author={Vinyals, Oriol and Fortunato, Meire and Jaitly, Navdeep},
  booktitle={NIPS},
  pages={2692--2700},
  year={2015},
  url={http://papers.neurips.cc/paper/5866-pointer-networks.pdf}
}

@inproceedings{dailydialog,
  title={DailyDialog: A Manually Labelled Multi-turn Dialogue Dataset},
  author={Li, Yanran and Su, Hui and Shen, Xiaoyu and Li, Wenjie and Cao, Ziqiang and Niu, Shuzi},
  booktitle={IJCNLP},
  pages={986--995},
  year={2017},
  url={https://www.aclweb.org/anthology/I17-1099.pdf}
}

@inproceedings{Kerbs,
  title = {Kernelized Bayesian Softmax for Text Generation},
  author = {Ning Miao and Hao Zhou and Chengqi Zhao and Wenxian Shi and Yitan Li and Lei Li},
  booktitle= { NeuralIPS(to appear) },
  year = {2019},
  url={https://papers.nips.cc/paper/2019/file/967c2ae04b169f07e7fa8fdfd110551e-Paper.pdf}
}

@inproceedings{cho2014learning,
  title={Learning Phrase Representations using RNN Encoder--Decoder for Statistical Machine Translation},
  author={Cho, Kyunghyun and van Merrienboer, Bart and Gulcehre, Caglar and Bahdanau, Dzmitry and Bougares, Fethi and Schwenk, Holger and Bengio, Yoshua},
  booktitle={EMNLP},
  pages={1724--1734},
  year={2014},
  url={https://www.aclweb.org/anthology/D14-1179.pdf}
}

@article{cho2015describing,
  title={Describing multimedia content using attention-based encoder-decoder networks},
  author={Cho, Kyunghyun and Courville, Aaron and Bengio, Yoshua},
  journal={IEEE Transactions on Multimedia},
  volume={17},
  number={11},
  pages={1875--1886},
  year={2015},
  publisher={IEEE},
  url={https://arxiv.org/pdf/1507.01053.pdf}
}

@article{cho2016noisy,
  title={Noisy parallel approximate decoding for conditional recurrent language model},
  author={Cho, Kyunghyun},
  journal={arXiv preprint arXiv:1605.03835},
  year={2016},
  url={https://arxiv.org/pdf/1605.03835.pdf}
}

@inproceedings{oord2018parallel,
  title={Parallel WaveNet: Fast High-Fidelity Speech Synthesis},
  author={Oord, Aaron and Li, Yazhe and Babuschkin, Igor and Simonyan, Karen and Vinyals, Oriol and Kavukcuoglu, Koray and Driessche, George and Lockhart, Edward and Cobo, Luis and Stimberg, Florian and others},
  booktitle={ICML},
  pages={3915--3923},
  year={2018},
  url={https://arxiv.org/pdf/1711.10433.pdf}
}

@inproceedings{gupta2018deep,
  title={A deep generative framework for paraphrase generation},
  author={Gupta, Ankush and Agarwal, Arvind and Singh, Prawaan and Rai, Piyush},
  booktitle={Thirty-Second AAAI Conference on Artificial Intelligence},
  year={2018},
  url={https://arxiv.org/pdf/1709.05074.pdf}
}

@inproceedings{graves2013speech,
  title={Speech recognition with deep recurrent neural networks},
  author={Graves, Alex and Mohamed, Abdel-rahman and Hinton, Geoffrey},
  booktitle={2013 IEEE international conference on acoustics, speech and signal processing},
  pages={6645--6649},
  year={2013},
  organization={IEEE},
  url={https://arxiv.org/pdf/1303.5778.pdf}
}

@article{gu2019insertion,
  title={Insertion-based decoding with automatically inferred generation order},
  author={Gu, Jiatao and Liu, Qi and Cho, Kyunghyun},
  journal={arXiv preprint arXiv:1902.01370},
  year={2019},
  url={https://arxiv.org/pdf/1902.01370.pdf}
}

@inproceedings{shen2018straight,
  title={Straight to the Tree: Constituency Parsing with Neural Syntactic Distance},
  author={Shen, Yikang and Lin, Zhouhan and Jacob, Athul Paul and Sordoni, Alessandro and Courville, Aaron and Bengio, Yoshua},
  booktitle={ACL},
  pages={1171--1180},
  year={2018},
  url={https://www.aclweb.org/anthology/P18-1108.pdf}
}
@inproceedings{flowseq,
    title = "{F}low{S}eq: Non-Autoregressive Conditional Sequence Generation with Generative Flow",
    author = "Ma, Xuezhe  and
      Zhou, Chunting  and
      Li, Xian  and
      Neubig, Graham  and
      Hovy, Eduard",
    booktitle = "EMNLP-IJCNLP",
    month = nov,
    year = "2019",
    address = "Hong Kong, China",
    doi = "10.18653/v1/D19-1437",
    pages = "4273--4283",
    url={https://www.aclweb.org/anthology/D19-1437.pdf}
}
@inproceedings{lt,
  title={Fast Decoding in Sequence Models Using Discrete Latent Variables},
  author={Kaiser, Lukasz and Bengio, Samy and Roy, Aurko and Vaswani, Ashish and Parmar, Niki and Uszkoreit, Jakob and Shazeer, Noam},
  booktitle={ICML},
  pages={2395--2404},
  year={2018},
  url={https://arxiv.org/pdf/1803.03382.pdf}
}
@article{vqvae,
  title={Towards a better understanding of Vector Quantized Autoencoders},
  author={Roy, Aurko and Vaswani, Ashish and Parmar, Niki and Neelakantan, Arvind},
  journal = {arXiv},
  year={2018},
  url={https://openreview.net/pdf?id=HkGGfhC5Y7}
}

@article{lv_nar,
    author = {Raphael Shu and Jason Lee and Hideki Nakayama and Kyunghyun Cho},
    title = {Latent-Variable Non-Autoregressive Neural Machine Translation with Deterministic Inference using a Delta Posterior},
    journal = {arXiv preprint arXiv:1908.07181},
    year = {2019},
    url={https://arxiv.org/pdf/1908.07181.pdf}
}

@article{adam,
  title={Adam: A method for stochastic optimization},
  author={Kingma, Diederik P and Ba, Jimmy},
  journal={arXiv preprint arXiv:1412.6980},
  year={2014},
  url={https://arxiv.org/pdf/1412.6980.pdf}
}

@inproceedings{shao2019retrieving,
  title={Retrieving Sequential Information for Non-Autoregressive Neural Machine Translation},
  author={Shao, Chenze and Feng, Yang and Zhang, Jinchao and Meng, Fandong and Chen, Xilin and Zhou, Jie},
  booktitle={ACL},
  year={2019},
  url={https://www.aclweb.org/anthology/P19-1288.pdf}
}

@inproceedings{liu2018table,
  title={Table-to-text generation by structure-aware seq2seq learning},
  author={Liu, Tianyu and Wang, Kexiang and Sha, Lei and Chang, Baobao and Sui, Zhifang},
  booktitle={Thirty-Second AAAI Conference on Artificial Intelligence},
  year={2018},
  url={https://arxiv.org/pdf/1711.09724.pdf}
}

@inproceedings{shen2017conditional,
  title={A Conditional Variational Framework for Dialog Generation},
  author={Shen, Xiaoyu and Su, Hui and Li, Yanran and Li, Wenjie and Niu, Shuzi and Zhao, Yang and Aizawa, Akiko and Long, Guoping},
  booktitle={Proceedings of the 55th Annual Meeting of the Association for Computational Linguistics (Volume 2: Short Papers)},
  pages={504--509},
  year={2017},
  url={https://www.aclweb.org/anthology/P17-2080.pdf}
}

@inproceedings{fairseq,
  title = {fairseq: A Fast, Extensible Toolkit for Sequence Modeling},
  author = {Myle Ott and Sergey Edunov and Alexei Baevski and Angela Fan and Sam Gross and Nathan Ng and David Grangier and Michael Auli},
  booktitle = {Proceedings of NAACL-HLT 2019: Demonstrations},
  year = {2019},
  url={https://arxiv.org/pdf/1904.01038.pdf}
}

@article{wyner1978definition,
  title={A definition of conditional mutual information for arbitrary ensembles},
  author={Wyner, Aaron D},
  journal={Information and Control},
  volume={38},
  number={1},
  pages={51--59},
  year={1978},
  publisher={Elsevier},
  url={https://core.ac.uk/download/pdf/82663114.pdf}
}

@article{pnat,
  title={Non-autoregressive transformer by position learning},
  author={Bao, Yu and Zhou, Hao and Feng, Jiangtao and Wang, Mingxuan and Huang, Shujian and Chen, Jiajun and Li, Lei},
  journal={arXiv preprint arXiv:1911.10677},
  year={2019},
  url={https://arxiv.org/pdf/1911.10677.pdf}
}

@inproceedings{cmlm,
  title={Mask-Predict: Parallel Decoding of Conditional Masked Language Models},
  author={Ghazvininejad, Marjan and Levy, Omer and Liu, Yinhan and Zettlemoyer, Luke},
  booktitle={Proceedings of the 2019 Conference on Empirical Methods in Natural Language Processing and the 9th International Joint Conference on Natural Language Processing (EMNLP-IJCNLP)},
  pages={6114--6123},
  year={2019},
  url={https://www.aclweb.org/anthology/D19-1633.pdf}
}

@inproceedings{crf,
  title={Conditional Random Fields: Probabilistic Models for Segmenting and Labeling Sequence Data},
  author={Lafferty, John D and McCallum, Andrew and Pereira, Fernando CN},
  booktitle={Proceedings of the Eighteenth International Conference on Machine Learning},
  pages={282--289},
  year={2001},
  url={https://repository.upenn.edu/cgi/viewcontent.cgi?article=1162&context=cis_papers}
}

@inproceedings{syn_st,
    title = "Syntactically Supervised Transformers for Faster Neural Machine Translation",
    author = "Akoury, Nader  and Krishna, Kalpesh  and Iyyer, Mohit",
    booktitle = "Proceedings of the 57th Annual Meeting of the Association for Computational Linguistics",
    month = jul,
    year = "2019",
    url = "https://www.aclweb.org/anthology/P19-1122",
    doi = "10.18653/v1/P19-1122",
    pages = "1269--1281",
}

@inproceedings{nair2010rectified,
  title={Rectified linear units improve restricted boltzmann machines},
  author={Nair, Vinod and Hinton, Geoffrey E},
  booktitle={ICML},
  pages={807--814},
  year={2010},
  url={https://www.cs.toronto.edu/~hinton/absps/reluICML.pdf}
}

@inproceedings{latent_pos,
  title={Latent Part-of-Speech Sequences for Neural Machine Translation},
  author={Yang, Xuewen and Liu, Yingru and Xie, Dongliang and Wang, Xin and Balasubramanian, Niranjan},
  booktitle={Proceedings of the 2019 Conference on Empirical Methods in Natural Language Processing and the 9th International Joint Conference on Natural Language Processing (EMNLP-IJCNLP)},
  pages={780--790},
  year={2019},
  url={https://www.aclweb.org/anthology/D19-1072.pdf}
}

@inproceedings{nat_crf,
  title={Fast structured decoding for sequence models},
  author={Sun, Zhiqing and Li, Zhuohan and Wang, Haoqing and He, Di and Lin, Zi and Deng, Zhihong},
  booktitle={Advances in Neural Information Processing Systems},
  pages={3016--3026},
  year={2019},
  url={https://papers.nips.cc/paper/2019/file/74563ba21a90da13dacf2a73e3ddefa7-Paper.pdf}
}

@article{biaffine,
  title={Deep biaffine attention for neural dependency parsing},
  author={Dozat, Timothy and Manning, Christopher D},
  booktitle={ICLR},
  journal={arXiv preprint arXiv:1611.01734},
  year={2016},
  url={https://openreview.net/pdf?id=Hk95PK9le}
}

@inproceedings{jm_nat,
  title={Jointly masked sequence-to-sequence model for non-autoregressive neural machine translation},
  author={Guo, Junliang and Xu, Linli and Chen, Enhong},
  booktitle={Proceedings of the 58th Annual Meeting of the Association for Computational Linguistics},
  url={https://bigdata.ustc.edu.cn/paper_pdf/2020/Junliang-Guo-ACL.pdf},
  pages={376--385},
  year={2020}
}

@article{viterbi1967error,
  title={Error bounds for convolutional codes and an asymptotically optimum decoding algorithm},
  author={Viterbi, Andrew},
  journal={IEEE transactions on Information Theory},
  volume={13},
  number={2},
  pages={260--269},
  year={1967},
  publisher={IEEE}
}

@inproceedings{esd,
  title={Explicit Semantic Decomposition for Definition Generation},
  author={Li, Jiahuan and Bao, Yu and Huang, Shujian and Dai, Xinyu and Jiajun, Chen},
  booktitle={Proceedings of the 58th Annual Meeting of the Association for Computational Linguistics},
  pages={708--717},
  year={2020}
}

@article{bengio2015scheduled,
  title={Scheduled sampling for sequence prediction with recurrent neural networks},
  author={Bengio, Samy and Vinyals, Oriol and Jaitly, Navdeep and Shazeer, Noam},
  journal={arXiv preprint arXiv:1506.03099},
  year={2015}
}