

@inproceedings{bernardo2018studying,
  title={Studying the impact of adopting continuous integration on the delivery time of pull requests},
  author={Bernardo, Jo{\~a}o Helis and da Costa, Daniel Alencar and Kulesza, Uir{\'a}},
  booktitle={2018 IEEE/ACM 15th International Conference on Mining Software Repositories (MSR)},
  pages={131--141},
  year={2018},
  organization={IEEE}
}

@article{mann_whitney_1947,
	author = {H. B. Mann and D. R. Whitney},
	title = {{On a Test of Whether one of Two Random Variables is Stochastically Larger than the Other}},
	volume = {18},
	journal = {The Annals of Mathematical Statistics},
	number = {1},
	publisher = {Institute of Mathematical Statistics},
	pages = {50 -- 60},
	year = {1947},
	doi = {10.1214/aoms/1177730491},
	URL = {https://doi.org/10.1214/aoms/1177730491}
}

@article{soares2022effects,
	title={The effects of continuous integration on software development: a systematic literature review},
	author={Soares, Eliezio and Sizilio, Gustavo and Santos, Jadson and da Costa, Daniel Alencar and Kulesza, Uir{\'a}},
	journal={Empirical Software Engineering},
	volume={27},
	number={3},
	pages={1--61},
	year={2022},
	publisher={Springer}
}

@inproceedings{santos2022investigating,
  title={Investigating the Impact of Continuous Integration Practices on the Productivity and Quality of Open-Source Projects},
  author={Santos, Jadson and Alencar da Costa, Daniel and Kulesza, Uir{\'a}},
  booktitle={Proceedings of the 16th ACM/IEEE International Symposium on Empirical Software Engineering and Measurement},
  pages={137--147},
  year={2022}
}

@article{thistlethwaite1960regression,
	title={Regression-discontinuity analysis: An alternative to the ex post facto experiment.},
	author={Thistlethwaite, Donald L and Campbell, Donald T},
	journal={Journal of Educational psychology},
	volume={51},
	number={6},
	pages={309},
	year={1960},
	publisher={American Psychological Association}
}

@article{guo2019studying,
	title={Studying the impact of CI on pull request delivery time in open source projects—a conceptual replication},
	author={Guo, Yunfang and Leitner, Philipp},
	journal={PeerJ Computer Science},
	volume={5},
	pages={e245},
	year={2019},
	publisher={PeerJ Inc.}
}

% Generated by Paperpile. Check out http://paperpile.com for more information.
% BibTeX export options can be customized via Settings -> BibTeX.


Empirical studies of software engineering: a roadmap
Full Text:	PDFPDF  Get this ArticleGet this Article
Authors:	Dewayne E. Perry	Electrical and Computer Engineering, University of Texas at Austin, Austin, TX
Adam A. Porter	Computer Science, University of Maryland, College Park, MD
Lawrence G. Votta	Motorola, 1501 W. Shure Dr., Arlington Heights, IL
Published in:
· Proceeding
ICSE '00 Proceedings of the Conference on The Future of Software Engineering
Pages 345-355 

Limerick, Ireland — June 04 - 11, 2000 
ACM New York, NY, USA ©2000 
table of contents ISBN:1-58113-253-0 doi>10.1145/336512.336586
Empirical studies of software engineering: a roadmap	Published by ACM 2000 Article
Bibliometrics Data  Bibliometrics
· Citation Count: 86
· Downloads (cumulative): 3,195
· Downloads (12 Months): 140
· Downloads (6 Weeks): 21


Author Silhouette    Recent authors with related interests  Expand Related Authors    Concepts in this article  Expand Paper Concepts
About ACM and IBM Watsonpowered by
Tools and Resources
Buy this Article
Recommend the ACM DL
to your organization
TOC Service:  Spacer Image reserves space for checkmark when TOC Service is updated 
Toc Alert via EmailEmail  Toc Alert via EmailRSS
Save to Binder
Export Formats:
BibTeX EndNote ACM Ref
Upcoming Conference:
CHASE '17
Share:
|
Author Tags  Expand Author Tags
Contact The DL Team Contact Us | Switch to single page view (no tabs)
Abstract
Authors
References
Cited By
Index Terms
Publication
Reviews
Comments
Table of Contents


Author image not provided	 Dewayne E. Perry

No contact information provided yet.
Bibliometrics: publication history
Publication years	1986-2016
Publication count	128
Citation Count	1,915
Available for download	69
Downloads (6 Weeks)	299
Downloads (12 Months)	1,868
Downloads (cumulative)	38,378
Average downloads per article	556.20
Average citations per article	14.96
View colleagues of Dewayne E. Perry


Author image not provided	 Adam A. Porter

No contact information provided yet.
Bibliometrics: publication history
Publication years	1990-2016
Publication count	86
Citation Count	1,064
Available for download	40
Downloads (6 Weeks)	144
Downloads (12 Months)	916
Downloads (cumulative)	22,724
Average downloads per article	568.10
Average citations per article	12.37
View colleagues of Adam A. Porter


Author image not provided	 Lawrence G. Votta

No contact information provided yet.
Bibliometrics: publication history
Publication years	1992-2016
Publication count	62
Citation Count	1,002
Available for download	23
Downloads (6 Weeks)	77
Downloads (12 Months)	454
Downloads (cumulative)	14,226
Average downloads per article	618.52
Average citations per article	16.16
View colleagues of Lawrence G. Votta
Powered by The ACM Guide to Computing Literature


The ACM Digital Library is published by the Association for Computing Machinery. Copyright © 2017 ACM, Inc.
Terms of Usage   Privacy Policy   Code of Ethics  	Contact Us
Export Formats
BibTeX | EndNote | ACM Ref

@IEEEtranBSTCTL{IEEEexample:BSTcontrol,
	CTLdash_repeated_names= "no",
}

@inproceedings{hilton2017trade,
	title={Trade-offs in continuous integration: assurance, security, and flexibility},
	author={Hilton, Michael and Nelson, Nicholas and Tunnell, Timothy and Marinov, Darko and Dig, Danny},
	booktitle={Proceedings of the 2017 11th Joint Meeting on Foundations of Software Engineering},
	pages={197--207},
	year={2017},
	organization={ACM}
}

@inproceedings{Zhao17,
	author    = {Yangyang Zhao and
	Alexander Serebrenik and
	Yuming Zhou and
	Vladimir Filkov and
	Bogdan Vasilescu},
	title     = {The impact of continuous integration on other software development
	practices: a large-scale empirical study},
	booktitle = {Proceedings of the 32nd {IEEE/ACM} International Conference on Automated
	Software Engineering, {ASE} 2017, Urbana, IL, USA, October 30 - November
	03, 2017},
	pages     = {60--71},
	year      = {2017}
}

@article{best1975algorithm,
	title={Algorithm AS 89: the upper tail probabilities of Spearman's rho},
	author={Best, DJ and Roberts, DE},
	journal={Journal of the Royal Statistical Society. Series C (Applied Statistics)},
	volume={24},
	number={3},
	pages={377--379},
	year={1975},
	publisher={JSTOR}
}

@inproceedings{Debbiche2014,
	title={Challenges when adopting continuous integration: A case study},
	author={Debbiche, Adam and Dien{\'e}r, Mikael and Svensson, Richard Berntsson},
	booktitle={International Conference on Product-Focused Software Process Improvement},
	pages={17--32},
	year={2014},
	organization={Springer}
}

@inproceedings{deshpande2008continuous,
	title={Continuous integration in open source software development},
	author={Deshpande, Amit and Riehle, Dirk},
	booktitle={IFIP International Conference on Open Source Systems},
	pages={273--280},
	year={2008},
	organization={Springer}
}

@inproceedings{downs2010status,
	title={Status communication in agile software teams: A case study},
	author={Downs, John and Hosking, John and Plimmer, Beryl},
	booktitle={Software Engineering Advances (ICSEA), 2010 Fifth International Conference on},
	pages={82--87},
	year={2010},
	organization={IEEE}
}

@inproceedings{ferreira2008agile,
	title={Agile systems development and stakeholder satisfaction: a South African empirical study},
	author={Ferreira, Carlos and Cohen, Jason},
	booktitle={Proceedings of the 2008 annual research conference of the South African Institute of Computer Scientists and Information Technologists on IT research in developing countries: riding the wave of technology},
	pages={48--55},
	year={2008},
	organization={ACM}
}

@inproceedings{knauss2015research,
	title={Research Preview: Supporting Requirements Feedback Flows in Iterative System Development},
	author={Knauss, Eric and Andersson, Andreas and Rybacki, Michael and Israelsson, Erik},
	booktitle={International Working Conference on Requirements Engineering: Foundation for Software Quality},
	pages={277--283},
	year={2015},
	organization={Springer}
}

@inproceedings{staahl2014automated,
	title={Automated software integration flows in industry: a multiple-case study},
	author={St{\aa}hl, Daniel and Bosch, Jan},
	booktitle={Companion Proceedings of the 36th International Conference on Software Engineering},
	pages={54--63},
	year={2014},
	organization={ACM}
}

@inproceedings{staahl2013experienced,
	title={Experienced benefits of continuous integration in industry software product development: A case study},
	author={St{\aa}hl, Daniel and Bosch, Jan},
	booktitle={The 12th iasted international conference on software engineering,(innsbruck, austria, 2013)},
	pages={736--743},
	year={2013}
}


@article{choe2017predicting,
	title={Predicting the delay of issues with due dates in software projects},
	author={Choetkiertikul, Morakot and Dam, Hoa Khanh and Tran, Truyen and Ghose, Aditya},
	journal={Empirical Software Engineering Journal},
	year={2017},
	pages={1--41},
}

@inproceedings{costa2014empirical,
	title={An empirical study of delays in the integration of addressed issues},
	author={da Costa, Daniel Alencar and Abebe, Surafel Lemma and McIntosh, Shane and Kulesza, Uir{\'a} and Hassan, Ahmed E},
	booktitle={Software Maintenance and Evolution (ICSME), 2014 IEEE International Conference on},
	pages={281--290},
	year={2014},
	organization={IEEE}
}

@article{Karvonen201787,
	title = "Systematic literature review on the impacts of agile release engineering practices ",
	author = "Teemu Karvonen and Woubshet Behutiye and Markku Oivo and Pasi Kuvaja",
	journal = "Information and Software Technology ",
	volume = "86",
	pages = "87 - 100",
	year = "2017",
}

@inproceedings{riskyissues2015b,
	title={Predicting Delays in Software Projects Using Networked Classification (T)},
	author={Choetkiertikul, Morakot and Dam, Hoa Khanh and Tran, Truyen and Ghose, Aditya},
	booktitle={Automated Software Engineering (ASE), 2015 30th IEEE/ACM International Conference on},
	pages={353--364},
	year={2015},
	organization={IEEE}
}

@inproceedings{giger2010predicting,
	title={Predicting the fix time of bugs},
	author={Giger, Emanuel and Pinzger, Martin and Gall, Harald},
	booktitle={Proceedings of the 2nd International Workshop on Recommendation Systems for Software Engineering},
	pages={52--56},
	year={2010},
	organization={ACM}
}

@inproceedings{nagappan2005use,
	title={Use of relative code churn measures to predict system defect density},
	author={Nagappan, Nachiappan and Ball, Thomas},
	booktitle={Software Engineering, 2005. ICSE 2005. Proceedings. 27th International Conference on},
	pages={284--292},
	year={2005},
	organization={IEEE}
}

@inproceedings{jiang2013will,
	title={Will my patch make it? and how fast? case study on the linux kernel},
	author={Jiang, Yujuan and Adams, Bram and German, Daniel M},
	booktitle={Mining Software Repositories (MSR), 2013 10th IEEE Working Conference on},
	pages={101--110},
	year={2013},
	organization={IEEE}
}

@inproceedings{schroter2010stack,
	title={Do stack traces help developers fix bugs?},
	author={Schroter, Adrian and Schr{\"o}ter, Adrian and Bettenburg, Nicolas and Premraj, Rahul},
	booktitle={Mining Software Repositories (MSR), 2010 7th IEEE Working Conference on},
	pages={118--121},
	year={2010},
	organization={IEEE}
}


@inproceedings{shihab2010predicting,
	title={Predicting re-opened bugs: A case study on the eclipse project},
	author={Shihab, Emad and Ihara, Akinori and Kamei, Yasutaka and Ibrahim, Walid M and Ohira, Masao and Adams, Bram and Hassan, Ahmed E and Matsumoto, Ken-ichi},
	booktitle={Reverse Engineering (WCRE), 2010 17th Working Conference on},
	pages={249--258},
	year={2010},
	organization={IEEE}
}

@inproceedings{Perry:2000:ESS:336512.336586,
	author = {Perry, Dewayne E. and Porter, Adam A. and Votta, Lawrence G.},
	title = {Empirical Studies of Software Engineering: A Roadmap},
	booktitle = {Proceedings of the Conference on The Future of Software Engineering},
	series = {ICSE '00},
	year = {2000},
	pages = {345--355},
	publisher = {ACM},
} 

@inproceedings{bacchelli2013expectations,
	title={Expectations, outcomes, and challenges of modern code review},
	author={Bacchelli, Alberto and Bird, Christian},
	booktitle={2013 35th International Conference on Software Engineering (ICSE)},
	pages={712--721},
	year={2013},
	organization={IEEE}
}

@inproceedings{bavota2015four,
	title={Four eyes are better than two: On the impact of code reviews on software quality},
	author={Bavota, Gabriele and Russo, Barbara},
	booktitle={2015 IEEE International Conference on Software Maintenance and Evolution (ICSME)},
	pages={81--90},
	year={2015},
	organization={IEEE}
}

@article{Mcintosh:2016:ESI:2992358.2992439,
	author = {Mcintosh, Shane and Kamei, Yasutaka and Adams, Bram and Hassan, Ahmed E.},
	title = {An Empirical Study of the Impact of Modern Code Review Practices on Software Quality},
	journal = {Empirical Softw. Engg.},
	volume = {21},
	number = {5},
	year = {2016},
	pages = {2146--2189},
	numpages = {44},
	publisher = {Kluwer Academic Publishers},
}

@conference{Romano:2006,
	title = {{Appropriate statistics for ordinal level data: Should we really be using t-test and Cohen'sd for evaluating group differences on the NSSE and other surveys?}},
	author = {Romano, J. and Kromrey, J.D. and Coraggio, J. and Skowronek, J.},
	booktitle = {annual meeting of the Florida Association of Institutional Research},
	pages = {1--3},
	year = 2006
}

@book{James:2014:ISL:2517747,
	author = {James, Gareth and Witten, Daniela and Hastie, Trevor and Tibshirani, Robert},
	title = {An Introduction to Statistical Learning: With Applications in R},
	year = {2014},
	publisher = {Springer Publishing Company, Incorporated},
} 

@book{harrell2015regression,
	title={Regression modeling strategies: with applications to linear models, logistic and ordinal regression, and survival analysis},
	author={Harrell, Frank},
	year={2015},
	publisher={Springer}
}

@article{Williamson-1989,
	Author = {Williamson, David F. and Parker, Robert A. and Kendrick, Juliette S.},
	Title = {The box plot: A simple visual method to interpret data},
	Journal = {Annals of Internal Medicine},
	Volume = {110},
	Year = {1989},
	Pages = {916--921},
}

@book{wilks2011statistical,
	title={Statistical methods in the atmospheric sciences},
	author={Wilks, Daniel S},
	volume={100},
	year={2011},
	publisher={Academic press}
}

@article{cliff1993dominance,
	title={Dominance statistics: Ordinal analyses to answer ordinal questions.},
	author={Cliff, Norman},
	journal={Psychological Bulletin},
	volume={114},
	number={3},
	pages={494},
	year={1993},
	publisher={American Psychological Association}
}

@article{kampstra2008beanplot,
	title={Beanplot: A boxplot alternative for visual comparison of distributions},
	author={Kampstra, Peter and others},
	journal={Journal of statistical software},
	volume={28},
	number={1},
	pages={1--9},
	year={2008}
}

@article{Stahl:2014:MCI:2562355.2562828,
	author = {St{\aa}hl, Daniel and Bosch, Jan},
	title = {Modeling Continuous Integration Practice Differences in Industry Software Development},
	journal = {J. Syst. Softw.},
	volume = {87},
	year = {2014},
	pages = {48--59},
	numpages = {12},
	publisher = {Elsevier Science Inc.},
} 

@ARTICLE{Inn2010-yd,
	title   = "An investigation into the dimensions of training effectiveness on
	post training outcomes of quality management system",
	author  = "Inn, Teoh Cheng and Zailani, Suhaiza and Ramayah, T and Fernando,
	Yudi",
	journal = "International Journal of Productivity and Quality Management",
	volume  =  5,
	number  =  2,
	pages   = "171",
	year    =  2010
}

@ARTICLE{Fowler2006-zc,
	title    = "Continuous integration",
	author   = "Fowler, Martin and Foemmel, Matthew",
	journal  = "Thought-Works) http://www. thoughtworks. com/Continuous
	Integration. pdf",
	pages    = "122",
	year     =  2006,
}

@BOOK{Humble2010-ca,
	title     = "Continuous delivery: reliable software releases through build,
	test, and deployment automation",
	author    = "Humble, Jez and Farley, David",
	publisher = "Pearson Education",
	year      =  2010,
}

@INPROCEEDINGS{Khomh2012-au,
	title       = "Do faster releases improve software quality? an empirical case
	study of mozilla firefox",
	booktitle   = "Mining Software Repositories ({MSR)}, 2012 9th {IEEE} Working
	Conference on",
	author      = "Khomh, Foutse and Dhaliwal, Tejinder and Zou, Ying and Adams,
	Bram",
	pages       = "179--188",
	institution = "IEEE",
	year        =  2012,
}

@INCOLLECTION{Schwaber1997-cc,
	title     = "{SCRUM} Development Process",
	booktitle = "Business Object Design and Implementation",
	author    = "Schwaber, Ken",
	editor    = "Sutherland, Dr Jeff and Casanave, Cory and Miller, Joaquin and
	Patel, Dr Philip and Hollowell, Glenn",
	publisher = "Springer London",
	pages     = "117--134",
	year      =  1997,
}

@INPROCEEDINGS{Laukkanen2015-ab,
	author = {Laukkanen, Eero and Paasivaara, Maria and Arvonen, Teemu},
	title = {Stakeholder Perceptions of the Adoption of Continuous Integration -- A Case Study},
	booktitle = {Proceedings of the 2015 Agile Conference},
	series = {AGILE '15},
	year = {2015},
	pages = {11--20},
	numpages = {10},
	publisher = {IEEE Computer Society},
}


@INPROCEEDINGS{Gousios2012-ys,
	title       = "{GHTorrent}: {GitHub's} data from a firehose",
	booktitle   = "Mining software repositories (msr), 2012 9th ieee working
	conference on",
	author      = "Gousios, Georgios and Spinellis, Diomidis",
	pages       = "12--21",
	institution = "IEEE",
	year        =  2012,
}

@inproceedings{Vasilescu2015-tj,
	title={Continuous integration in a social-coding world: Empirical evidence from GitHub},
	author={Vasilescu, Bogdan and Van Schuylenburg, Stef and Wulms, Jules and Serebrenik, Alexander and van den Brand, Mark GJ},
	booktitle={Software Maintenance and Evolution (ICSME), 2014 IEEE International Conference on},
	pages={401--405},
	year={2014},
	organization={IEEE}
}

@INPROCEEDINGS{Mantyla2013-hn,
	title       = "On rapid releases and software testing",
	booktitle   = "Software Maintenance ({ICSM)}, 2013 29th {IEEE} International
	Conference on",
	author      = "M{\"a}ntyl{\"a}, Mika V and Khomh, Foutse and Adams, Bram and
	Engstr{\"o}m, Emelie and Petersen, Kai",
	pages       = "20--29",
	institution = "IEEE",
	year        =  2013,
}

@ARTICLE{noauthor_2014-pm,
	title   = "Continuous Integration and Its Tools",
	journal = "IEEE Softw.",
	volume  =  31,
	number  =  3,
	pages   = "14--16",
	year    =  2014
}

@ARTICLE{Crowston2003-ig,
	title    = "Defining open source software project success",
	author   = "Crowston, Kevin and Annabi, Hala and Howison, James",
	journal  = "ICIS 2003 Proceedings",
	pages    = "28",
	year     =  2003,
}

@ARTICLE{Mantyla2015-ju,
	title     = "On rapid releases and software testing: a case study and a
	semi-systematic literature review",
	author    = "M{\"a}ntyl{\"a}, Mika V and Adams, Bram and Khomh, Foutse and
	Engstr{\"o}m, Emelie and Petersen, Kai",
	journal   = "Empirical Software Engineering",
	publisher = "Springer",
	volume    =  20,
	number    =  5,
	pages     = "1384--1425",
	year      =  2015,
}

@INPROCEEDINGS{Wohlin1995-wg,
	title       = "Reducing time to market through optimization with respect to
	soft factors",
	booktitle   = "The Engineering Management Conference",
	author      = "Wohlin, Claes and Xie, Min and Ahlgren, Magnus",
	pages       = "116--121",
	institution = "Citeseer",
	year        =  1995
}

@INPROCEEDINGS{Virmani2015-zq,
	title     = "Understanding {DevOps} bridging the gap from continuous
	integration to continuous delivery",
	booktitle = "Fifth International Conference on the Innovative Computing
	Technology ({INTECH} 2015)",
	author    = "Virmani, M",
	pages     = "78--82",
	year      =  2015,
}

@BOOK{Beck2000-ja,
	title     = "Extreme Programming Explained: Embrace Change",
	author    = "Beck, Kent",
	publisher = "Addison-Wesley Professional",
	year      =  2000,
}

@INPROCEEDINGS{Gousios2014-ao,
	title       = "An exploratory study of the pull-based software development
	model",
	booktitle   = "Proceedings of the 36th International Conference on Software
	Engineering",
	author      = "Gousios, Georgios and Pinzger, Martin and Deursen, Arie van",
	pages       = "345--355",
	institution = "ACM",
	year        =  2014
}

@INPROCEEDINGS{Hilton2016-xy,
	title     = "Usage, costs, and benefits of continuous integration in
	open-source projects",
	booktitle = "Proceedings of the 31st {IEEE/ACM} International Conference on
	Automated Software Engineering - {ASE} 2016",
	author    = "Hilton, Michael and Tunnell, Timothy and Huang, Kai and Marinov,
	Darko and Dig, Danny",
	year      =  2016
}

@BOOK{Duvall2007-tb,
	title     = "Continuous Integration: Improving Software Quality and Reducing
	Risk (The {Addison-Wesley} Signature Series)",
	author    = "Duvall, Paul and Matyas, Stephen M and Glover, Andrew",
	publisher = "Addison-Wesley Professional",
	year      =  2007,
}

@ARTICLE{Wnuk2013-ju,
	title    = "Obsolete software requirements",
	author   = "Wnuk, Krzysztof and Gorschek, Tony and Zahda, Showayb",
	journal  = "Information and Software Technology",
	volume   =  55,
	number   =  6,
	pages    = "921--940",
	year     =  2013,
}

@INPROCEEDINGS{Goodman2008-bc,
	title     = "``It's Not the Pants, it's the People in the Pants'' Learnings
	from the Gap Agile Transformation What Worked, How We Did it,
	and What Still Puzzles Us",
	booktitle = "Agile 2008 Conference",
	author    = "Goodman, D and Elbaz, M",
	pages     = "112--115",
	month     =  aug,
	year      =  2008,
}

@ARTICLE{Meyer2014-px,
	title     = "Continuous integration and its tools",
	author    = "Meyer, Mathias",
	journal   = "IEEE Softw.",
	publisher = "IEEE",
	volume    =  31,
	number    =  3,
	pages     = "14--16",
	year      =  2014,
}

@INPROCEEDINGS{Vasilescu2015-tn,
	title     = "Quality and productivity outcomes relating to continuous
	integration in {GitHub}",
	booktitle = "Proceedings of the 2015 10th Joint Meeting on Foundations of
	Software Engineering - {ESEC/FSE} 2015",
	author    = "Vasilescu, Bogdan and Yu, Yue and Wang, Huaimin and Devanbu,
	Premkumar and Filkov, Vladimir",
	year      =  2015
}

@INPROCEEDINGS{Gousios2015-ui,
	title       = "Work practices and challenges in pull-based development: the
	integrator's perspective",
	booktitle   = "Proceedings of the 37th International Conference on Software
	{Engineering-Volume} 1",
	author      = "Gousios, Georgios and Zaidman, Andy and Storey, Margaret-Anne
	and Van Deursen, Arie",
	pages       = "358--368",
	institution = "IEEE Press",
	year        =  2015
}

@ARTICLE{Yu2016-cy,
	title     = "Determinants of pull-based development in the context of
	continuous integration",
	author    = "Yu, Yue and Yin, Gang and Wang, Tao and Yang, Cheng and Wang,
	Huaimin",
	journal   = "Sci. China Inf. Sci.",
	publisher = "Science China Press",
	volume    =  59,
	number    =  8,
	year      =  2016,
}

@article{Beller2016,
	author    = {Moritz Beller and
	Georgios Gousios and
	Andy Zaidman},
	title     = {Oops, my tests broke the build: An analysis of Travis {CI} builds
	with GitHub},
	journal   = {PeerJ PrePrints},
	volume    = {4},
	pages     = {e1984},
	year      = {2016},
}

@ARTICLE{Subramaniam2009-ko,
	title     = "Determinants of open source software project success: A
	longitudinal study",
	author    = "Subramaniam, Chandrasekar and Sen, Ravi and Nelson, Matthew L",
	journal   = "Decis. Support Syst.",
	publisher = "Elsevier",
	volume    =  46,
	number    =  2,
	pages     = "576--585",
	year      =  2009,
}

@article{daCosta2018impact,
	title={The impact of rapid release cycles on the integration delay of fixed issues},
	author={da Costa, Daniel Alencar and McIntosh, Shane and Treude, Christoph and Kulesza, Uir{\'a} and Hassan, Ahmed E},
	journal={Empirical Software Engineering},
	volume={23},
	number={2},
	pages={835--904},
	year={2018},
	publisher={Springer}
}

@INPROCEEDINGS{Da_Costa2016-cb,
	author = {da Costa, Daniel Alencar and McIntosh, Shane and Kulesza, Uir\'{a} and Hassan, Ahmed E.},
	title = {The Impact of Switching to a Rapid Release Cycle on the Integration Delay of Addressed Issues: An Empirical Study of the Mozilla Firefox Project},
	booktitle = {Proceedings of the 13th International Conference on Mining Software Repositories},
	series = {MSR '16},
	year = {2016},
	pages = {374--385},
	publisher = {ACM},
	address = {New York, NY, USA},
} 


@ARTICLE{Chen2005-jd,
	title     = "The impacts of speed-to-market on new product success: the
	moderating effects of uncertainty",
	author    = "Chen, Jiyao and Reilly, Richard R and Lynn, Gary S",
	journal   = "IEEE Trans. Eng. Manage.",
	publisher = "IEEE",
	volume    =  52,
	number    =  2,
	pages     = "199--212",
	year      =  2005
}

@inproceedings{zhao2017impact,
	title={The impact of continuous integration on other software development practices: a large-scale empirical study},
	author={Zhao, Yangyang and Serebrenik, Alexander and Zhou, Yuming and Filkov, Vladimir and Vasilescu, Bogdan},
	booktitle={Proceedings of the 32nd IEEE/ACM International Conference on Automated Software Engineering},
	pages={60--71},
	year={2017},
	organization={IEEE Press}
}

@inproceedings{gousios2015work,
	title={Work practices and challenges in pull-based development: the integrator's perspective},
	author={Gousios, Georgios and Zaidman, Andy and Storey, Margaret-Anne and Van Deursen, Arie},
	booktitle={Proceedings of the 37th International Conference on Software Engineering-Volume 1},
	pages={358--368},
	year={2015},
	organization={IEEE Press}
}

@inproceedings{weissgerber2008small,
	title={Small patches get in!},
	author={Wei{\ss}gerber, Peter and Neu, Daniel and Diehl, Stephan},
	booktitle={Proceedings of the 2008 international working conference on Mining software repositories},
	pages={67--76},
	year={2008}
}

@article{alexander2002working,
	title={Working for free? Motivations for participating in open-source projects},
	author={Hars, Alexander. and Shaosong, Ou},
	journal={International journal of electronic commerce},
	volume={6},
	number={3},
	pages={25--39},
	year={2002},
	publisher={Taylor \& Francis}
}


@inproceedings{coelho2017modern,
	title={Why modern open source projects fail},
	author={Coelho, Jailton and Valente, Marco Tulio},
	booktitle={Proceedings of the 2017 11th Joint Meeting on Foundations of Software Engineering},
	pages={186--196},
	year={2017}
}

@inproceedings{da2016agility,
	title={Agility and Quality Attributes in Open Source Software Projects Release Practices},
	author={da Silva, Antonio C{\'e}sar Brandao Gomes and de Figueiredo Carneiro, Glauco and de Paula, Antonio Carlos Marcelino and Monteiro, Miguel Pessoa and e Abreu, Fernando Brito},
	booktitle={2016 10th International Conference on the Quality of Information and Communications Technology (QUATIC)},
	pages={107--112},
	year={2016},
	organization={IEEE}
}

@article{shahin2017continuous,
	title={Continuous integration, delivery and deployment: a systematic review on approaches, tools, challenges and practices},
	author={Shahin, Mojtaba and Babar, Muhammad Ali and Zhu, Liming},
	journal={IEEE Access},
	volume={5},
	pages={3909--3943},
	year={2017},
	publisher={IEEE}
}

@inproceedings{neely2013continuous,
	title={Continuous delivery? easy! just change everything (well, maybe it is not that easy)},
	author={Neely, Steve and Stolt, Steve},
	booktitle={2013 Agile Conference},
	pages={121--128},
	year={2013},
	organization={IEEE}
}

@article{soares2018factors,
	title={What factors influence the reviewer assignment to pull requests?},
	author={Soares, Daric{\'e}lio M and de Lima J{\'u}nior, Manoel L and Plastino, Alexandre and Murta, Leonardo},
	journal={Information and Software Technology},
	volume={98},
	pages={32--43},
	year={2018},
	publisher={Elsevier}
}

@inproceedings{felidre2019continuous,
	title={Continuous Integration Theater},
	author={Felidr{\'e}, Wagner and Furtado, Leonardo and da Costa, Daniel A and Cartaxo, Bruno and Pinto, Gustavo},
	booktitle={2019 ACM/IEEE International Symposium on Empirical Software Engineering and Measurement (ESEM)},
	pages={1--10},
	year={2019},
	organization={IEEE}
}

@inproceedings{goodman2008s,
	title={" It's Not the Pants, it's the People in the Pants" Learnings from the Gap Agile Transformation What Worked, How We Did it, and What Still Puzzles Us},
	author={Goodman, David and Elbaz, Michael},
	booktitle={Agile 2008 Conference},
	pages={112--115},
	year={2008},
	organization={IEEE}
}

@inproceedings{rahman2015synthesizing,
	title={Synthesizing continuous deployment practices used in software development},
	author={Rahman, Akond Ashfaque Ur and Helms, Eric and Williams, Laurie and Parnin, Chris},
	booktitle={2015 Agile Conference},
	pages={1--10},
	year={2015},
	organization={IEEE}
}

@inproceedings{rahman2017impact,
	title={Impact of continuous integration on code reviews},
	author={Rahman, Mohammad Masudur and Roy, Chanchal K},
	booktitle={2017 IEEE/ACM 14th International Conference on Mining Software Repositories (MSR)},
	pages={499--502},
	year={2017},
	organization={IEEE}
}

@inproceedings{cassee2020silent,
	title={The silent helper: the impact of continuous integration on code reviews},
	author={Cassee, Nathan and Vasilescu, Bogdan and Serebrenik, Alexander},
	booktitle={2020 IEEE 27th International Conference on Software Analysis, Evolution and Reengineering (SANER)},
	pages={423--434},
	year={2020},
	organization={IEEE}
}

@article{michlmayr2015and,
	title={Why and how should open source projects adopt time-based releases?},
	author={Michlmayr, Martin and Fitzgerald, Brian and Stol, Klaas-Jan},
	journal={IEEE Software},
	volume={32},
	number={2},
	pages={55--63},
	year={2015},
	publisher={IEEE}
}

@article{fitzgerald2017continuous,
	title={Continuous software engineering: A roadmap and agenda},
	author={Fitzgerald, Brian and Stol, Klaas-Jan},
	journal={Journal of Systems and Software},
	volume={123},
	pages={176--189},
	year={2017},
	publisher={Elsevier}
}

@inproceedings{zampetti2019study,
	title={A study on the interplay between pull request review and continuous integration builds},
	author={Zampetti, Fiorella and Bavota, Gabriele and Canfora, Gerardo and Di Penta, Massimiliano},
	booktitle={2019 IEEE 26th International Conference on Software Analysis, Evolution and Reengineering (SANER)},
	pages={38--48},
	year={2019},
	organization={IEEE}
}

@article{nowell2017thematic,
	title={Thematic analysis: Striving to meet the trustworthiness criteria},
	author={Nowell, Lorelli S and Norris, Jill M and White, Deborah E and Moules, Nancy J},
	journal={International journal of qualitative methods},
	volume={16},
	number={1},
	pages={1609406917733847},
	year={2017},
	publisher={SAGE Publications Sage CA: Los Angeles, CA}
}

@article{braun2006using,
	title={Using thematic analysis in psychology},
	author={Braun, Virginia and Clarke, Victoria},
	journal={Qualitative research in psychology},
	volume={3},
	number={2},
	pages={77--101},
	year={2006},
	publisher={Taylor \& Francis}
}

@article{landis1977kappa,
  title={The measurement of observer agreement for categorical data},
  author={Landis, J Richard and Koch, Gary G},
  journal={biometrics},
  pages={159--174},
  year={1977},
  publisher={JSTOR}
}


@inproceedings{nery2019empirical,
	title={An Empirical Study of the Relationship between Continuous Integration and Test Code Evolution},
	author={Nery, Gustavo Sizilio and da Costa, Daniel Alencar and Kulesza, Uir{\'a}},
	booktitle={2019 IEEE International Conference on Software Maintenance and Evolution (ICSME)},
	pages={426--436},
	year={2019},
	organization={IEEE}
}

@article{gallaba2018use,
	title={Use and misuse of continuous integration features: An empirical study of projects that (mis) use Travis CI},
	author={Gallaba, Keheliya and McIntosh, Shane},
	journal={IEEE Transactions on Software Engineering},
	volume={46},
	number={1},
	pages={33--50},
	year={2018},
	publisher={IEEE}
}

@incollection{Sharma2021influence,
  title={Influence of Roles in Decision-Making during OSS Development—A Study of Python},
  author={Sharma, Pankajeshwara and Savarimuthu, Tony and Stanger, Nigel},
  booktitle={Evaluation and Assessment in Software Engineering},
  pages={50--59},
  year={2021}
}

@article{zhang2022b_pull_decision,
  title={Pull request decisions explained: An empirical overview},
  author={Zhang, Xunhui and Yu, Yue and Georgios, Gousios and Rastogi, Ayushi},
  journal={IEEE Transactions on Software Engineering},
  year={2022},
  publisher={IEEE}
}

@article{zhang2022a_pull_latency,
  title={Pull request latency explained: An empirical overview},
  author={Zhang, Xunhui and Yu, Yue and Wang, Tao and Rastogi, Ayushi and Wang, Huaimin},
  journal={Empirical Software Engineering},
  volume={27},
  number={6},
  pages={1--38},
  year={2022},
  publisher={Springer}
}