@article{kinouchi2018,
  title={A simple centrality index for scientific social recognition},
  author={Kinouchi, Osame and Soares, Leonardo DH and Cardoso, George C},
  journal={Physica A: Statistical Mechanics and its Applications},
  volume={491},
  pages={632--640},
  year={2018},
  publisher={Elsevier}
}

@article{kinouchi2018k,
  title={The K-index and the hubs of science.},
  author={Kinouchi, O and Cardoso, George C},
  journal={European heart journal},
  volume={39},
  number={38},
  pages={3489},
  year={2018}
}

@article{abramo2013suitability,
  title={The suitability of h and g indexes for measuring the research performance of institutions},
  author={Abramo, Giovanni and D’Angelo, Ciriaco Andrea and Viel, Fulvio},
  journal={Scientometrics},
  volume={97},
  number={3},
  pages={555--570},
  year={2013},
  publisher={Springer}
}

@article{abramo2014authors,
  title={Are the authors of highly cited articles also the most productive ones?},
  author={Abramo, Giovanni and Cicero, Tindaro and D’Angelo, Ciriaco Andrea},
  journal={Journal of Informetrics},
  volume={8},
  number={1},
  pages={89--97},
  year={2014},
  publisher={Elsevier}
}

@article{ale2013effective,
  title={Effective strategies for increasing citation frequency},
  author={Ale Ebrahim, N and Salehi, H and Embi, MA and Habibi Tanha, F and Gholizadeh, H and Motahar, SM and Ordi, A},
  journal={International Education Studies},
  volume={6},
  number={11},
  pages={93--99},
  year={2013},
  publisher={Canadian Center of Science and Education}
}

@article{alonso2009h,
  title={h-Index: A review focused in its variants, computation and standardization for different scientific fields},
  author={Alonso, Sergio and Cabrerizo, Francisco Javier and Herrera-Viedma, Enrique and Herrera, Francisco},
  journal={Journal of Informetrics},
  volume={3},
  number={4},
  pages={273--289},
  year={2009},
  publisher={Elsevier}
}

@article{barabasi2002evolution,
  title={Evolution of the social network of scientific collaborations},
  author={Barab{\^a}si, Albert-Laszlo and Jeong, Hawoong and N{\'e}da, Zoltan and Ravasz, Erzsebet and Schubert, Andras and Vicsek, Tamas},
  journal={Physica A: Statistical mechanics and its applications},
  volume={311},
  number={3},
  pages={590--614},
  year={2002},
  publisher={Elsevier}
}

@book{barabasi2016network,
  title={Network Science},
  author={Barab{\'a}si, Albert-L{\'a}szl{\'o}},
  year={2016},
  publisher={Cambridge University Press, Cambridge}
}

@article{bartneck2010detecting,
  title={Detecting h-index manipulation through self-citation analysis},
  author={Bartneck, Christoph and Kokkelmans, Servaas},
  journal={Scientometrics},
  volume={87},
  number={1},
  pages={85--98},
  year={2010},
  publisher={Akad{\'e}miai Kiad{\'o}, co-published with Springer Science+ Business Media BV, Formerly Kluwer Academic Publishers BV}
}

@article{batista2006possible,
  title={Is it possible to compare researchers with different scientific interests?},
  author={Batista, Pablo D and Campiteli, M{\^o}nica G and Kinouchi, Osame},
  journal={Scientometrics},
  volume={68},
  number={1},
  pages={179--189},
  year={2006},
  publisher={Akad{\'e}miai Kiad{\'o}, co-published with Springer Science+ Business Media BV, Formerly Kluwer Academic Publishers BV}
}

@article{bornmann2008there,
  title={Are there better indices for evaluation purposes than the h index? A comparison of nine different variants of the h index using data from biomedicine},
  author={Bornmann, Lutz and Mutz, R{\"u}diger and Daniel, Hans-Dieter},
  journal={Journal of the American Society for Information Science and Technology},
  volume={59},
  number={5},
  pages={830--837},
  year={2008},
  publisher={Wiley Online Library}
}

@article{braun2006hirsch,
  title={A Hirsch-type index for journals},
  author={Braun, Tibor and Gl{\"a}nzel, Wolfgang and Schubert, Andr{\'a}s},
  journal={Scientometrics},
  volume={69},
  number={1},
  pages={169--173},
  year={2006},
  publisher={Springer}
}

@article{campiteli2013lobby,
  title={Lobby index as a network centrality measure},
  author={Campiteli, M{\^o}nica G and Holanda, Adriano J and Soares, Leonardo DH and Soles, Paulo RC and Kinouchi, Osame},
  journal={Physica A: Statistical Mechanics and its Applications},
  volume={392},
  number={21},
  pages={5511--5515},
  year={2013},
  publisher={Elsevier}
}

@article{clough2016dimension,
  title={What is the dimension of citation space?},
  author={Clough, James R and Evans, Tim S},
  journal={Physica A: Statistical Mechanics and its Applications},
  volume={448},
  pages={235--247},
  year={2016},
  publisher={Elsevier}
}

@article{csajbok2007hirsch,
  title={Hirsch-index for countries based on Essential Science Indicators data},
  author={Csajb{\'o}k, Edit and Berhidi, Anna and Vasas, L{\'\i}via and Schubert, Andr{\'a}s},
  journal={Scientometrics},
  volume={73},
  number={1},
  pages={91--117},
  year={2007},
  publisher={Akad{\'e}miai Kiad{\'o}, co-published with Springer Science+ Business Media BV, Formerly Kluwer Academic Publishers BV}
}

@article{de2013h,
  title={The H-index can be easily manipulated},
  author={de Keijzer, Bart and Apt, Krzysztof R},
  journal={Bulletin of EATCS},
  volume={2},
  pages={79--85},
  year={2013}
}

@article{egghe2006improvement,
  title={An improvement of the h-index: The g-index},
  author={Egghe, Leo},
  journal={ISSI newsletter},
  volume={2},
  number={1},
  pages={8--9},
  year={2006}
}

@article{garcia2012extension,
  title={An extension of the h index that covers the tail and the top of the citation curve and allows ranking researchers with similar h},
  author={Garc{\'\i}a-P{\'e}rez, Miguel A},
  journal={Journal of Informetrics},
  volume={6},
  number={4},
  pages={689--699},
  year={2012},
  publisher={Elsevier}
}

@article{hirsch2005index,
  title={An index to quantify an individual's scientific research output},
  author={Hirsch, Jorge E},
  journal={Proceedings of the National academy of Sciences of the United States of America},
  pages={16569--16572},
  year={2005},
  publisher={JSTOR}
}

@article{hirsch2007does,
  title={Does the h index have predictive power?},
  author={Hirsch, Jorge E},
  journal={Proceedings of the National Academy of Sciences},
  volume={104},
  number={49},
  pages={19193--19198},
  year={2007},
  publisher={National Acad Sciences}
}

@article{honekopp2012future,
  title={Future publication success in science is better predicted by traditional measures than by the h index},
  author={H{\"o}nekopp, Johannes and Khan, Julie},
  journal={Scientometrics},
  volume={90},
  number={3},
  pages={843--853},
  year={2012},
  publisher={Springer}
}

@article{hu2011definition,
  title={On the definition of forward and backward citation generations},
  author={Hu, Xiaojun and Rousseau, Ronald and Chen, Jin},
  journal={Journal of Informetrics},
  volume={5},
  number={1},
  pages={27--36},
  year={2011},
  publisher={Elsevier}
}

@article{huang2011probing,
  title={Probing the effect of author self-citations on h index: A case study of environmental engineering},
  author={Huang, Mu-Hsuan and Lin, Wen-Yau Cathy},
  journal={Journal of Information Science},
  volume={37},
  number={5},
  pages={453--461},
  year={2011},
  publisher={Sage Publications Sage UK: London, England}
}

@article{iglesias2007scaling,
  title={Scaling the h-index for different scientific ISI fields},
  author={Iglesias, Juan E and Pecharrom{\'a}n, Carlos},
  journal={Scientometrics},
  volume={73},
  number={3},
  pages={303--320},
  year={2007},
  publisher={Springer}
}

@article{ising1925beitrag,
  title={Beitrag zur theorie des ferromagnetismus},
  author={Ising, Ernst},
  journal={Zeitschrift f{\"u}r Physik A Hadrons and Nuclei},
  volume={31},
  number={1},
  pages={253--258},
  year={1925},
  publisher={Springer}
}

@article{ising1950goethe,
  title={Goethe as a Physicist},
  author={Ising, Ernest},
  journal={American Journal of Physics},
  volume={18},
  number={4},
  pages={235--236},
  year={1950},
  publisher={American Association of Physics Teachers}
}

@article{korn2009lobby,
  title={Lobby index in networks},
  author={Korn, A and Schubert, A and Telcs, A},
  journal={Physica A: Statistical Mechanics and its Applications},
  volume={388},
  number={11},
  pages={2221--2226},
  year={2009},
  publisher={Elsevier}
}

@article{lu2016h,
  title={The H-index of a network node and its relation to degree and coreness},
  author={L{\"u}, Linyuan and Zhou, Tao and Zhang, Qian-Ming and Stanley, H Eugene},
  journal={Nature communications},
  volume={7},
  year={2016},
  publisher={Nature Publishing Group}
}

@article{malesios2016measuring,
  title={Measuring the robustness of the journal h-index with respect to publication and citation values: A Bayesian sensitivity analysis},
  author={Malesios, C},
  journal={Journal of Informetrics},
  volume={10},
  number={3},
  pages={719--731},
  year={2016},
  publisher={Elsevier}
}

@article{martinez2014h,
  title={H-Classics: Characterizing the concept of citation classics through H-index},
  author={Mart{\'\i}nez, MA and Herrera, Manuel and L{\'o}pez-Gij{\'o}n, J and Herrera-Viedma, Enrique},
  journal={Scientometrics},
  volume={98},
  number={3},
  pages={1971--1983},
  year={2014},
  publisher={Springer}
}

@article{mazloumian2011citation,
  title={How citation boosts promote scientific paradigm shifts and nobel prizes},
  author={Mazloumian, Amin and Eom, Young-Ho and Helbing, Dirk and Lozano, Sergi and Fortunato, Santo},
  journal={PloS one},
  volume={6},
  number={5},
  pages={e18975},
  year={2011},
  publisher={Public Library of Science}
}

@article{newmannetworks,
  title={Networks: an introduction},
  author={Newman, Mark},
  journal={Oxford University Press, Inc., New York},
  pages={1--2},
  year={2010}
}

@article{newman2001structure,
  title={The structure of scientific collaboration networks},
  author={Newman, Mark EJ},
  journal={Proceedings of the National Academy of Sciences},
  volume={98},
  number={2},
  pages={404--409},
  year={2001},
  publisher={National Acad Sciences}
}

@article{newman2004coauthorship,
  title={Coauthorship networks and patterns of scientific collaboration},
  author={Newman, Mark EJ},
  journal={Proceedings of the national academy of sciences},
  volume={101},
  number={suppl 1},
  pages={5200--5205},
  year={2004},
  publisher={National Acad Sciences}
}

@article{pastor2017topological,
  title={Topological structure and the H index in complex networks},
  author={Pastor-Satorras, Romualdo and Castellano, Claudio},
  journal={Physical Review E},
  volume={95},
  number={2},
  pages={022301},
  year={2017},
  publisher={APS}
}

@article{penner2013predictability,
  title={On the Predictability of Future Impact in Science},
  author={Penner, Orion and Pan, Raj K and Petersen, Alexander M and Kaski, Kimmo and Fortunato, Santo},
  journal={Scientific Reports},
  volume={3},
  year={2013},
  publisher={Nature Publishing Group}
}

@article{ren2012modeling,
  title={Modeling the clustering in citation networks},
  author={Ren, Fu-Xin and Shen, Hua-Wei and Cheng, Xue-Qi},
  journal={Physica A: Statistical Mechanics and its Applications},
  volume={391},
  number={12},
  pages={3533--3539},
  year={2012},
  publisher={Elsevier}
}

@article{rousseau2015general,
  title={A general conceptual framework for characterizing the ego in a network},
  author={Rousseau, Ronald and Zhao, Star X},
  journal={Journal of Informetrics},
  volume={9},
  number={1},
  pages={145--149},
  year={2015},
  publisher={Elsevier}
}

@article{schiermeier2008self,
  title={Self-publishing editor set to retire},
  author={Schiermeier, Quirin},
  journal={Nature},
  volume={456},
  number={7221},
  pages={432--433},
  year={2008},
  publisher={Nature Publishing Group}
}

@article{schreiber2007self,
  title={Self-citation corrections for the Hirsch index},
  author={Schreiber, Michael},
  journal={EPL (Europhysics Letters)},
  volume={78},
  number={3},
  pages={30002},
  year={2007},
  publisher={IOP Publishing}
}

@article{schreiber2010twenty,
  title={Twenty Hirsch index variants and other indicators giving more or less preference to highly cited papers},
  author={Schreiber, Michael},
  journal={Annalen der Physik},
  volume={522},
  number={8},
  pages={536--554},
  year={2010},
  publisher={Wiley Online Library}
}

@article{schubert2008using,
  title={Using the h-index for assessing single publications},
  author={Schubert, Andr{\'a}s},
  journal={Scientometrics},
  volume={78},
  number={3},
  pages={559--565},
  year={2008},
  publisher={Akad{\'e}miai Kiad{\'o}, co-published with Springer Science+ Business Media BV, Formerly Kluwer Academic Publishers BV}
}

@book{todeschini2016handbook,
  title={Handbook of bibliometric indicators: quantitative tools for studying and evaluating research},
  author={Todeschini, Roberto and Baccini, Alberto},
  year={2016},
  publisher={Wiley-VCH, Weinheim, Germany}
}

@article{viiu2016theoretical,
  title={A theoretical evaluation of Hirsch-type bibliometric indicators confronted with extreme self-citation},
  author={V{\^\i}iu, Gabriel-Alexandru},
  journal={Journal of Informetrics},
  volume={10},
  number={2},
  pages={552--566},
  year={2016},
  publisher={Elsevier}
}

@article{vinkler2007eminence,
  title={Eminence of scientists in the light of the h-index and other scientometric indicators},
  author={Vinkler, Peter},
  journal={Journal of Information Science},
  volume={33},
  number={4},
  pages={481--491},
  year={2007},
  publisher={Sage Publications}
}

@article{waltman2012inconsistency,
  title={The inconsistency of the h-index},
  author={Waltman, Ludo and Van Eck, Nees Jan},
  journal={Journal of the American Society for Information Science and Technology},
  volume={63},
  number={2},
  pages={406--415},
  year={2012},
  publisher={Wiley Online Library}
}

@article{wang2008measuring,
  title={Measuring the preferential attachment mechanism in citation networks},
  author={Wang, Mingyang and Yu, Guang and Yu, Daren},
  journal={Physica A: Statistical Mechanics and its Applications},
  volume={387},
  number={18},
  pages={4692--4698},
  year={2008},
  publisher={Elsevier}
}

@article{xie2016geometric,
  title={A geometric graph model for citation networks of exponentially growing scientific papers},
  author={Xie, Zheng and Ouyang, Zhenzheng and Liu, Qi and Li, Jianping},
  journal={Physica A: Statistical Mechanics and its Applications},
  volume={456},
  pages={167--175},
  year={2016},
  publisher={Elsevier}
}

@article{zhai2014h,
  title={The h l-index: improvement of h-index based on quality of citing papers},
  author={Zhai, Li and Yan, Xiangbin and Zhu, Bin},
  journal={Scientometrics},
  volume={98},
  number={2},
  pages={1021--1031},
  year={2014},
  publisher={Springer}
}




