@article{tan2022detecting,
  title={Detecting Outdated Code Element References in Software Repository Documentation},
  author={Tan, Wen Siang and Wagner, Markus and Treude, Christoph},
  journal={arXiv preprint arXiv:2212.01479},
  year={2022}
}

@article{lee2019automatic,
  title={Automatic detection and update suggestion for outdated {API} names in documentation},
  author={Lee, Seonah and Wu, Rongxin and Cheung, Shing-Chi and Kang, Sungwon},
  journal={IEEE Transactions on Software Engineering},
  year={2019},
}

@inproceedings{parnas1994software,
  title={Software aging},
  author={Parnas, David Lorge},
  booktitle={Proc.~Int'l.~Conf.~on Software Engineering},
  pages={279--287},
  year={1994},
}

@inproceedings{forward2002relevance,
  title={The relevance of software documentation, tools and technologies: a survey},
  author={Forward, Andrew and Lethbridge, Timothy C},
  booktitle={Proc.~Symposium on Document Engineering},
  pages={26--33},
  year={2002}
}

@article{uddin2015api,
  title={How {API} documentation fails},
  author={Uddin, Gias and Robillard, Martin P},
  journal={IEEE Software},
  volume={32},
  number={4},
  pages={68--75},
  year={2015},
}

@article{kajko2005survey,
  title={A survey of documentation practice within corrective maintenance},
  author={Kajko-Mattsson, Mira},
  journal={Empirical Software Engineering},
  volume={10},
  number={1},
  pages={31--55},
  year={2005},
}

@article{steinmacher2018let,
  title={Let me in: Guidelines for the successful onboarding of newcomers to open source projects},
  author={Steinmacher, Igor and Treude, Christoph and Gerosa, Marco Aur{\'e}lio},
  journal={IEEE Software},
  volume={36},
  number={4},
  pages={41--49},
  year={2018},
}

@inproceedings{de2005study,
  title={A study of the documentation essential to software maintenance},
  author={de Souza, Sergio Cozzetti B and Anquetil, Nicolas and de Oliveira, K{\'a}thia M},
  booktitle={Proc.~Int'l.~Conf.~on Design of Communication: Documenting \& Designing for Pervasive Information},
  pages={68--75},
  year={2005}
}

@article{lethbridge2003software,
  title={How software engineers use documentation: The state of the practice},
  author={Lethbridge, Timothy C and Singer, Janice and Forward, Andrew},
  journal={IEEE software},
  volume={20},
  number={6},
  pages={35--39},
  year={2003},
}

@inproceedings{aghajani2019software,
  title={Software documentation issues unveiled},
  author={Aghajani, Emad and Nagy, Csaba and Vega-M{\'a}rquez, Olga Lucero and Linares-V{\'a}squez, Mario and Moreno, Laura and Bavota, Gabriele and Lanza, Michele},
  booktitle={Proc.~Int'l.~Conf.~on Software Engineering},
  pages={1199--1210},
  year={2019},
}

@inproceedings{clements2003documenting,
  title={Documenting software architectures: views and beyond},
  author={Clements, Paul and Garlan, David and Little, Reed and Nord, Robert and Stafford, Judith},
  booktitle={Proc.~Int'l.~Conf.~on Software Engineering},
  pages={740--741},
  year={2003},
}

@article{munaiah2017curating,
  title={Curating {GitHub} for engineered software projects},
  author={Munaiah, Nuthan and Kroh, Steven and Cabrey, Craig and Nagappan, Meiyappan},
  journal={Empirical Software Engineering},
  volume={22},
  number={6},
  pages={3219--3253},
  year={2017},
}

@article{treude2014extracting,
  title={Extracting development tasks to navigate software documentation},
  author={Treude, Christoph and Robillard, Martin P and Dagenais, Barth{\'e}l{\'e}my},
  journal={IEEE Transactions on Software Engineering},
  volume={41},
  number={6},
  pages={565--581},
  year={2014},
}

@inproceedings{tan2012tcomment,
  title={@tcomment: Testing {Javadoc} comments to detect comment-code inconsistencies},
  author={Tan, Shin Hwei and Marinov, Darko and Tan, Lin and Leavens, Gary T},
  booktitle={Proc.~Int'l.~Conf.~on Software Testing, Verification and Validation},
  pages={260--269},
  year={2012},
}

@inproceedings{zhong2013detecting,
  title={Detecting {API} documentation errors},
  author={Zhong, Hao and Su, Zhendong},
  booktitle={Proc.~Int'l.~Conf.~on Object Oriented Programming Systems Languages \& Applications},
  pages={803--816},
  year={2013}
}

@article{dagenais2014using,
  title={Using traceability links to recommend adaptive changes for documentation evolution},
  author={Dagenais, Barth{\'e}l{\'e}my and Robillard, Martin P},
  journal={IEEE Transactions on Software Engineering},
  volume={40},
  number={11},
  pages={1126--1146},
  year={2014},
}

@inproceedings{ratol2017detecting,
  title={Detecting fragile comments},
  author={Ratol, Inderjot Kaur and Robillard, Martin P},
  booktitle={Proc.~Int'l.~Conf.~on Automated Software Engineering},
  pages={112--122},
  year={2017},
}

@inproceedings{wen2019large,
  title={A large-scale empirical study on code-comment inconsistencies},
  author={Wen, Fengcai and Nagy, Csaba and Bavota, Gabriele and Lanza, Michele},
  booktitle={Proc.~Int'l.~Conf.~on Program Comprehension},
  pages={53--64},
  year={2019},
}

@article{zhou2018automatic,
  title={Automatic detection and repair recommendation of directive defects in {Java} {API} documentation},
  author={Zhou, Yu and Wang, Changzhi and Yan, Xin and Chen, Taolue and Panichella, Sebastiano and Gall, Harald C},
  journal={IEEE Transactions on Software Engineering},
  volume    = {46},
  number    = {9},
  pages     = {1004--1023},
  year      = {2020},
}

@inproceedings{panthaplackel2020learning,
  title={Learning to Update Natural Language Comments Based on Code Changes},
  author={Panthaplackel, Sheena and Nie, Pengyu and Gligoric, Milos and Li, Junyi Jessy and Mooney, Raymond},
  booktitle={Proc.~Annual Meeting of the Association for Computational Linguistics},
  pages={1853--1868},
  year={2020}
}

@article{lebeuf2017software,
  title={Software bots},
  author={Lebeuf, Carlene and Storey, Margaret-Anne and Zagalsky, Alexey},
  journal={IEEE Software},
  volume={35},
  number={1},
  pages={18--23},
  year={2017},
}

@inproceedings{wessel2020effects,
  title={Effects of Adopting Code Review Bots on Pull Requests to OSS Projects},
  author={Wessel, Mairieli and Serebrenik, Alexander and Wiese, Igor and Steinmacher, Igor and Gerosa, Marco A},
  booktitle={Proc.~Int'l.~Conf.~on Software Maintenance and Evolution},
  pages={1--11},
  year={2020}
}
