@article{eisen2019learning,
  title={Learning optimal resource allocations in wireless systems},
  author={Eisen, Mark and Zhang, Clark and Chamon, Luiz FO and Lee, Daniel D and Ribeiro, Alejandro},
  journal={IEEE Transactions on Signal Processing},
  volume={67},
  number={10},
  pages={2775--2790},
  year={2019},
  publisher={IEEE}
}

@article{keriven2019universal,
  title={Universal invariant and equivariant graph neural networks},
  author={Keriven, Nicolas and Peyr{\'e}, Gabriel},
  journal={Advances in Neural Information Processing Systems},
  volume={32},
  year={2019}
}


@article{sun2020unsupervised,
  title={Unsupervised deep learning for optimizing wireless systems with instantaneous and statistic constraints},
  author={Sun, Chengjian and She, Changyang and Yang, Chenyang},
  journal={arXiv preprint arXiv:2006.01641},
  year={2020}
}

@inproceedings{chamon2020counterfactual,
  title={Counterfactual programming for optimal control},
  author={Chamon, Luiz FO and Paternain, Santiago and Ribeiro, Alejandro},
  booktitle={Learning for Dynamics and Control},
  pages={235--244},
  year={2020},
  organization={PMLR}
}

@article{eisen2020optimal,
  title={Optimal wireless resource allocation with random edge graph neural networks},
  author={Eisen, Mark and Ribeiro, Alejandro},
  journal={IEEE Transactions on Signal Processing},
  volume={68},
  pages={2977--2991},
  year={2020},
  publisher={IEEE}
}
@article{shen2019graph,
  title={A graph neural network approach for scalable wireless power control},
  author={Shen, Yifei and Shi, Yuanming and Zhang, Jun and Letaief, Khaled B},
  journal={arXiv preprint arXiv:1907.08487},
  year={2019}
}

@article{lee2019graph,
  title={Graph embedding based wireless link scheduling with few training samples},
  author={Lee, Mengyuan and Yu, Guanding and Li, Geoffrey Ye},
  journal={arXiv preprint arXiv:1906.02871},
  year={2019}
}

@article{hornik1989multilayer,
  title={Multilayer feedforward networks are universal approximators},
  author={Hornik, Kurt and Stinchcombe, Maxwell and White, Halbert},
  journal={Neural Networks},
  volume={2},
  number={5},
  pages={359--366},
  year={1989},
  publisher={Elsevier}
}

@article{zhang2015downlink,
  title={Downlink cellular network analysis with multi-slope path loss models},
  author={Zhang, Xinchen and Andrews, Jeffrey G},
  journal={IEEE Transactions on Communications},
  volume={63},
  number={5},
  pages={1881--1894},
  year={2015},
  publisher={IEEE}
}

@article{andrews2016we,
  title={Are we approaching the fundamental limits of wireless network densification?},
  author={Andrews, Jeffrey G and Zhang, Xinchen and Durgin, Gregory D and Gupta, Abhishek K},
  journal={IEEE Communications Magazine},
  volume={54},
  number={10},
  pages={184--190},
  year={2016},
  publisher={IEEE}
}

@article{li2002simulation,
  title={The simulation of independent {Rayleigh} faders},
  author={Li, Yunxin and Huang, Xiaojing},
  journal={IEEE Transactions on Communications},
  volume={50},
  number={9},
  pages={1503--1514},
  year={2002},
  publisher={IEEE}
}

@article{luo2008dynamic,
  title={Dynamic spectrum management: Complexity and duality},
  author={Luo, Zhi-Quan and Zhang, Shuzhong},
  journal={IEEE Journal of Selected Topics in Signal Processing},
  volume={2},
  number={1},
  pages={57--73},
  year={2008},
  publisher={IEEE}
}

@article{hayashi2009spectrum,
  title={Spectrum management for interference-limited multiuser communication systems},
  author={Hayashi, Shunsuke and Luo, Zhi-Quan},
  journal={IEEE Transactions on Information Theory},
  volume={55},
  number={3},
  pages={1153--1175},
  year={2009},
  publisher={IEEE}
}

@article{liu2013complexity,
  title={On the complexity of joint subcarrier and power allocation for multi-user {OFDMA} systems},
  author={Liu, Ya-Feng and Dai, Yu-Hong},
  journal={IEEE Transactions on Signal Processing},
  volume={62},
  number={3},
  pages={583--596},
  year={2013},
  publisher={IEEE}
}

@inproceedings{sun2017learning,
  title={Learning to optimize: Training deep neural networks for wireless resource management},
  author={Sun, Haoran and Chen, Xiangyi and Shi, Qingjiang and Hong, Mingyi and Fu, Xiao and Sidiropoulos, Nikos D},
  booktitle={2017 IEEE 18th International Workshop on Signal Processing Advances in Wireless Communications (SPAWC)},
  pages={1--6},
  year={2017},
  organization={IEEE}
}

@article{calabrese2018learning,
  title={Learning radio resource management in RANs: Framework, opportunities, and challenges},
  author={Calabrese, Francesco Davide and Wang, Li and Ghadimi, Euhanna and Peters, Gunnar and Hanzo, Lajos and Soldati, Pablo},
  journal={IEEE Communications Magazine},
  volume={56},
  number={9},
  pages={138--145},
  year={2018},
  publisher={IEEE}
}

@article{lee2019deep,
  title={Deep learning for distributed optimization: Applications to wireless resource management},
  author={Lee, Hoon and Lee, Sang Hyun and Quek, Tony QS},
  journal={IEEE Journal on Selected Areas in Communications},
  volume={37},
  number={10},
  pages={2251--2266},
  year={2019},
  publisher={IEEE}
}

@article{shen2019lorm,
  title={{LORM}: Learning to optimize for resource management in wireless networks with few training samples},
  author={Shen, Yifei and Shi, Yuanming and Zhang, Jun and Letaief, Khaled B},
  journal={IEEE Transactions on Wireless Communications},
  year={2019},
  publisher={IEEE}
}

@article{liang2019deep,
  title={Deep-Learning-Based Wireless Resource Allocation With Application to Vehicular Networks},
  author={Liang, Le and Ye, Hao and Yu, Guanding and Li, Geoffrey Ye},
  journal={Proceedings of the IEEE},
  year={2019},
  publisher={IEEE}
}



@article{naderializadeh2019multiple,
  title={When Multiple Agents Learn to Schedule: A Distributed Radio Resource Management Framework},
  author={Naderializadeh, Navid and Sydir, Jaroslaw and Simsek, Meryem and Nikopour, Hosein and Talwar, Shilpa},
  journal={arXiv preprint arXiv:1906.08792},
  year={2019}
}

@article{naderializadeh2020resource,
  title={Resource Management in Wireless Networks via Multi-Agent Deep Reinforcement Learning},
  author={Naderializadeh, Navid and Sydir, Jaroslaw and Simsek, Meryem and Nikopour, Hosein},
  journal={arXiv preprint arXiv:2002.06215},
  year={2020}
}

@article{geng2015optimality,
  title={On the optimality of treating interference as noise},
  author={Geng, Chunhua and Naderializadeh, Navid and Avestimehr, Amir Salman and Jafar, Syed A},
  journal={IEEE Transactions on Information Theory},
  volume={61},
  number={4},
  pages={1753--1767},
  year={2015},
  publisher={IEEE}
}

@article{shi2011iteratively,
  title={An iteratively weighted {MMSE} approach to distributed sum-utility maximization for a {MIMO} interfering broadcast channel},
  author={Shi, Qingjiang and Razaviyayn, Meisam and Luo, Zhi-Quan and He, Chen},
  journal={IEEE Transactions on Signal Processing},
  volume={59},
  number={9},
  pages={4331--4340},
  year={2011},
  publisher={IEEE}
}

@article{wu2013flashlinq,
  title={{FlashLinQ}: A synchronous distributed scheduler for peer-to-peer ad hoc networks},
  author={Wu, Xinzhou and Tavildar, Saurabha and Shakkottai, Sanjay and Richardson, Tom and Li, Junyi and Laroia, Rajiv and Jovicic, Aleksandar},
  journal={IEEE/ACM Transactions on Networking},
  volume={21},
  number={4},
  pages={1215--1228},
  year={2013},
  publisher={IEEE}
}

@article{naderializadeh2014itlinq,
  title={{ITLinQ}: A new approach for spectrum sharing in device-to-device communication systems},
  author={Naderializadeh, Navid and Avestimehr, Amir Salman},
  journal={IEEE Journal on Selected Areas in Communications},
  volume={32},
  number={6},
  pages={1139--1151},
  year={2014},
  publisher={IEEE}
}

@inproceedings{yi2015itlinq+,
  title={{ITLinQ+}: An improved spectrum sharing mechanism for device-to-device communications},
  author={Yi, Xinping and Caire, Giuseppe},
  booktitle={2015 49th Asilomar Conference on Signals, Systems and Computers},
  pages={1310--1314},
  year={2015},
  organization={IEEE}
}

@inproceedings{shen2017fplinq,
  title={{FPLinQ}: A cooperative spectrum sharing strategy for device-to-device communications},
  author={Shen, Kaiming and Yu, Wei},
  booktitle={2017 IEEE International Symposium on Information Theory (ISIT)},
  pages={2323--2327},
  year={2017},
  organization={IEEE}
}

@article{madan2010cell,
  title={Cell association and interference coordination in heterogeneous {LTE-A} cellular networks},
  author={Madan, Ritesh and Borran, Jaber and Sampath, Ashwin and Bhushan, Naga and Khandekar, Aamod and Ji, Tingfang},
  journal={IEEE Journal on Selected Areas in Communications},
  volume={28},
  number={9},
  pages={1479--1489},
  year={2010},
  publisher={IEEE}
}

@article{yu2013multicell,
  title={Multicell coordination via joint scheduling, beamforming, and power spectrum adaptation},
  author={Yu, Wei and Kwon, Taesoo and Shin, Changyong},
  journal={IEEE Transactions on Wireless Communications},
  volume={12},
  number={7},
  pages={1--14},
  year={2013},
  publisher={IEEE}
}

@article{song2016game,
  title={Game-theoretic resource allocation for full-duplex communications},
  author={Song, Lingyang and Li, Yonghui and Han, Zhu},
  journal={IEEE Wireless Communications},
  volume={23},
  number={3},
  pages={50--56},
  year={2016},
  publisher={IEEE}
}



@inproceedings{krizhevsky2012imagenet,
  title={Imagenet classification with deep convolutional neural networks},
  author={Krizhevsky, Alex and Sutskever, Ilya and Hinton, Geoffrey E},
  booktitle={Advances in Neural Information Processing Systems},
  pages={1097--1105},
  year={2012}
}

@inproceedings{cheng2016wide,
  title={Wide \& deep learning for recommender systems},
  author={Cheng, Heng-Tze and Koc, Levent and Harmsen, Jeremiah and Shaked, Tal and Chandra, Tushar and Aradhye, Hrishi and Anderson, Glen and Corrado, Greg and Chai, Wei and Ispir, Mustafa and others},
  booktitle={Proceedings of the 1st workshop on deep learning for recommender systems},
  pages={7--10},
  year={2016}
}

@article{henaff2015deep,
  title={Deep convolutional networks on graph-structured data},
  author={Henaff, Mikael and Bruna, Joan and LeCun, Yann},
  journal={arXiv preprint arXiv:1506.05163},
  year={2015}
}

@article{ribeiro2012optimal,
  title={Optimal resource allocation in wireless communication and networking},
  author={Ribeiro, Alejandro},
  journal={EURASIP Journal on Wireless Communications and Networking},
  volume={2012},
  number={1},
  pages={1--19},
  year={2012},
  publisher={SpringerOpen}
}

@article{gama2018convolutional,
  title={Convolutional neural network architectures for signals supported on graphs},
  author={Gama, Fernando and Marques, Antonio G and Leus, Geert and Ribeiro, Alejandro},
  journal={IEEE Transactions on Signal Processing},
  volume={67},
  number={4},
  pages={1034--1049},
  year={2018},
  publisher={IEEE}
}

@misc{tensorflow2015-whitepaper,
title={{TensorFlow}: Large-Scale Machine Learning on Heterogeneous Systems},
url={http://tensorflow.org/},
note={Software available from tensorflow.org},
author={
    Mart\'{\i}n~Abadi and
    Ashish~Agarwal and
    Paul~Barham and
    Eugene~Brevdo and
    Zhifeng~Chen and
    Craig~Citro and
    Greg~S.~Corrado and
    Andy~Davis and
    Jeffrey~Dean and
    Matthieu~Devin and
    Sanjay~Ghemawat and
    Ian~Goodfellow and
    Andrew~Harp and
    Geoffrey~Irving and
    Michael~Isard and
    Yangqing Jia and
    Rafal~Jozefowicz and
    Lukasz~Kaiser and
    Manjunath~Kudlur and
    Josh~Levenberg and
    Dan~Man\'{e} and
    Rajat~Monga and
    Sherry~Moore and
    Derek~Murray and
    Chris~Olah and
    Mike~Schuster and
    Jonathon~Shlens and
    Benoit~Steiner and
    Ilya~Sutskever and
    Kunal~Talwar and
    Paul~Tucker and
    Vincent~Vanhoucke and
    Vijay~Vasudevan and
    Fernanda~Vi\'{e}gas and
    Oriol~Vinyals and
    Pete~Warden and
    Martin~Wattenberg and
    Martin~Wicke and
    Yuan~Yu and
    Xiaoqiang~Zheng},
  year={2015},
}

@inproceedings{abadi2016tensorflow,
  title={Tensorflow: A system for large-scale machine learning},
  author={Abadi, Mart{\'\i}n and Barham, Paul and Chen, Jianmin and Chen, Zhifeng and Davis, Andy and Dean, Jeffrey and Devin, Matthieu and Ghemawat, Sanjay and Irving, Geoffrey and Isard, Michael and others},
  booktitle={12th {USENIX} Symposium on Operating Systems Design and Implementation ({OSDI} 16)},
  pages={265--283},
  year={2016}
}

@inproceedings{naderializadeh2021contrastive,
  title={Contrastive Self-Supervised Learning for Wireless Power Control},
  author={Naderializadeh, Navid},
  booktitle={ICASSP 2021-2021 IEEE International Conference on Acoustics, Speech and Signal Processing (ICASSP)},
  pages={4965--4969},
  year={2021},
  organization={IEEE}
}

@inproceedings{naderializadeh2020wireless,
  title={Wireless Power Control via Counterfactual Optimization of Graph Neural Networks},
  author={Naderializadeh, Navid and Eisen, Mark and Ribeiro, Alejandro},
  booktitle={2020 IEEE 21st International Workshop on Signal Processing Advances in Wireless Communications (SPAWC)},
  pages={1--5},
  year={2020},
  organization={IEEE}
}

@inproceedings{Fey/Lenssen/2019,
  title={Fast Graph Representation Learning with {PyTorch Geometric}},
  author={Fey, Matthias and Lenssen, Jan E.},
  booktitle={ICLR Workshop on Representation Learning on Graphs and Manifolds},
  year={2019},
}

@article{lee2020graph,
  title={Graph Embedding-Based Wireless Link Scheduling With Few Training Samples},
  author={Lee, Mengyuan and Yu, Guanding and Li, Geoffrey Ye},
  journal={IEEE Transactions on Wireless Communications},
  volume={20},
  number={4},
  pages={2282--2294},
  year={2020},
  publisher={IEEE}
}

@unpublished{RRM_ICASSP2022,
author = {Naderializadeh, Navid and Eisen, Mark and Ribeiro, Alejandro},
title = {Adaptive wireless power allocation with graph neural networks},
note = {to appear at \emph{2022 IEEE International Conference on Acoustics, Speech and Signal Processing (ICASSP)}. IEEE, 2022}
}



@inproceedings{chamon2020resilient,
  title={Resilient control: Compromising to adapt},
  author={Chamon, Luiz FO and Amice, Alexandre and Paternain, Santiago and Ribeiro, Alejandro},
  booktitle={59th IEEE Conference on Decision and Control (CDC)},
  pages={5703--5710},
  year={2020},
  organization={IEEE}
}

@article{williams1992simple,
  title={Simple statistical gradient-following algorithms for connectionist reinforcement learning},
  author={Williams, Ronald J},
  journal={Machine learning},
  volume={8},
  number={3},
  pages={229--256},
  year={1992},
  publisher={Springer}
}

@article{sutton1999policy,
  title={Policy gradient methods for reinforcement learning with function approximation},
  author={Sutton, Richard S and McAllester, David and Singh, Satinder and Mansour, Yishay},
  journal={Advances in Neural Information Processing Systems},
  volume={12},
  year={1999}
}

@book{sutton2018reinforcement,
  title={Reinforcement learning: An introduction},
  author={Sutton, Richard S and Barto, Andrew G},
  year={2018},
  publisher={MIT press}
}



@article{dhillon2013load,
  title={Load-aware modeling and analysis of heterogeneous cellular networks},
  author={Dhillon, Harpreet S and Ganti, Radha Krishna and Andrews, Jeffrey G},
  journal={IEEE Transactions on Wireless Communications},
  volume={12},
  number={4},
  pages={1666--1677},
  year={2013},
  publisher={IEEE}
}

@article{ranjan2020asap,
  title={{ASAP}: Adaptive structure aware pooling for learning hierarchical graph representations},
  author={Ranjan, Ekagra and Sanyal, Soumya and Talukdar, Partha},
  journal={Proceedings of the AAAI Conference on Artificial Intelligence},
  volume={34},
  number={04},
  pages={5470--5477},
  year={2020}
}

@article{viswanath2002opportunistic,
  title={Opportunistic beamforming using dumb antennas},
  author={Viswanath, Pramod and Tse, David N. C. and Laroia, Rajiv},
  journal={IEEE transactions on information theory},
  volume={48},
  number={6},
  pages={1277--1294},
  year={2002},
  publisher={IEEE}
}

@inproceedings{naderializadeh2017ultra,
  title={Ultra-dense networks in {5G}: Interference management via non-orthogonal multiple access and treating interference as noise},
  author={Naderializadeh, Navid and Orhan, Oner and Nikopour, Hosein and Talwar, Shilpa},
  booktitle={2017 IEEE 86th Vehicular Technology Conference (VTC-Fall)},
  pages={1--6},
  year={2017},
  organization={IEEE}
}

@article{bruna2013spectral,
  title={Spectral networks and locally connected networks on graphs},
  author={Bruna, Joan and Zaremba, Wojciech and Szlam, Arthur and LeCun, Yann},
  journal={arXiv preprint arXiv:1312.6203},
  year={2013}
}

@article{defferrard2016convolutional,
  title={Convolutional neural networks on graphs with fast localized spectral filtering},
  author={Defferrard, Micha{\"e}l and Bresson, Xavier and Vandergheynst, Pierre},
  journal={Advances in Neural Information Processing Systems},
  volume={29},
  year={2016}
}

@article{bronstein2017geometric,
  title={Geometric deep learning: going beyond euclidean data},
  author={Bronstein, Michael M and Bruna, Joan and LeCun, Yann and Szlam, Arthur and Vandergheynst, Pierre},
  journal={IEEE Signal Processing Magazine},
  volume={34},
  number={4},
  pages={18--42},
  year={2017},
  publisher={IEEE}
}

@article{naderializadeh2021resource,
  title={Resource management in wireless networks via multi-agent deep reinforcement learning},
  author={Naderializadeh, Navid and Sydir, Jaroslaw J and Simsek, Meryem and Nikopour, Hosein},
  journal={IEEE Transactions on Wireless Communications},
  volume={20},
  number={6},
  pages={3507--3523},
  year={2021},
  publisher={IEEE}
}


@article{shen2021ai,
  title={{AI} Empowered Resource Management for Future Wireless Networks},
  author={Shen, Yifei and Zhang, Jun and Song, SH and Letaief, Khaled B},
  journal={arXiv preprint arXiv:2106.06178},
  year={2021}
}

@article{nikoloska2021fast,
  title={Fast Power Control Adaptation via Meta-Learning for Random Edge Graph Neural Networks},
  author={Nikoloska, Ivana and Simeone, Osvaldo},
  journal={arXiv preprint arXiv:2105.00459},
  year={2021}
}


@article{doshi2021deep,
  title={A Deep Reinforcement Learning Framework for Contention-Based Spectrum Sharing},
  author={Doshi, Akash and Yerramalli, Srinivas and Ferrari, Lorenzo and Yoo, Taesang and Andrews, Jeffrey G},
  journal={IEEE Journal on Selected Areas in Communications},
  year={2021},
  publisher={IEEE}
}

@inproceedings{song2021supervise,
  title={To supervise or not to supervise: How to effectively learn wireless interference management models?},
  author={Song, Bingqing and Sun, Haoran and Pu, Wenqiang and Liu, Sijia and Hong, Mingyi},
  booktitle={2021 IEEE 22nd International Workshop on Signal Processing Advances in Wireless Communications (SPAWC)},
  pages={211--215},
  year={2021},
  organization={IEEE}
}

@article{he2021overview,
  title={An overview on the application of graph neural networks in wireless networks},
  author={He, Shiwen and Xiong, Shaowen and Ou, Yeyu and Zhang, Jian and Wang, Jiaheng and Huang, Yongming and Zhang, Yaoxue},
  journal={IEEE Open Journal of the Communications Society},
  year={2021},
  publisher={IEEE}
}

@article{zhao2021link,
  title={Link scheduling using graph neural networks},
  author={Zhao, Zhongyuan and Verma, Gunjan and Rao, Chirag and Swami, Ananthram and Segarra, Santiago},
  journal={arXiv preprint arXiv:2109.05536},
  year={2021}
}

@article{zhao2022link,
  title={Link scheduling using graph neural networks},
  author={Zhao, Zhongyuan and Verma, Gunjan and Rao, Chirag and Swami, Ananthram and Segarra, Santiago},
  journal={IEEE Transactions on Wireless Communications},
  year={2022},
  publisher={IEEE}
}

@article{nikoloska2021modular,
  title={Modular Meta-Learning for Power Control via Random Edge Graph Neural Networks},
  author={Nikoloska, Ivana and Simeone, Osvaldo},
  journal={arXiv preprint arXiv:2108.13178},
  year={2021}
}

@article{nikoloska2022modular,
  title={Modular meta-learning for power control via random edge graph neural networks},
  author={Nikoloska, Ivana and Simeone, Osvaldo},
  journal={IEEE Transactions on Wireless Communications},
  year={2022},
  publisher={IEEE}
}

@inproceedings{wang2021unsupervised,
  title={Unsupervised learning for asynchronous resource allocation in ad-hoc wireless networks},
  author={Wang, Zhiyang and Eisen, Mark and Ribeiro, Alejandro},
  booktitle={ICASSP 2021-2021 IEEE International Conference on Acoustics, Speech and Signal Processing (ICASSP)},
  pages={8143--8147},
  year={2021},
  organization={IEEE}
}

@article{naderializadeh2021wireless,
  title={Wireless Link Scheduling via Graph Representation Learning: A Comparative Study of Different Supervision Levels},
  author={Naderializadeh, Navid},
  journal={arXiv preprint arXiv:2110.01722},
  year={2021}
}

@article{wang2021learning,
  title={Learning Decentralized Wireless Resource Allocations with Graph Neural Networks},
  author={Wang, Zhiyang and Eisen, Mark and Ribeiro, Alejandro},
  journal={arXiv e-prints},
  pages={arXiv--2107},
  year={2021}
}

@article{wang2022learning,
  title={Learning decentralized wireless resource allocations with graph neural networks},
  author={Wang, Zhiyang and Eisen, Mark and Ribeiro, Alejandro},
  journal={IEEE Transactions on Signal Processing},
  volume={70},
  pages={1850--1863},
  year={2022},
  publisher={IEEE}
}


@article{calvo2021state,
  title={State augmented constrained reinforcement learning: Overcoming the limitations of learning with rewards},
  author={Calvo-Fullana, Miguel and Paternain, Santiago and Chamon, Luiz FO and Ribeiro, Alejandro},
  journal={arXiv preprint arXiv:2102.11941},
  year={2021}
}

@article{naderializadeh2022learning,
  title={Learning Resilient Radio Resource Management Policies with Graph Neural Networks},
  author={NaderiAlizadeh, Navid and Eisen, Mark and Ribeiro, Alejandro},
  journal={arXiv preprint arXiv:2203.11012},
  year={2022}
}

@article{annapureddy2009gaussian,
  title={Gaussian interference networks: Sum capacity in the low-interference regime and new outer bounds on the capacity region},
  author={Annapureddy, V Sreekanth and Veeravalli, Venugopal V},
  journal={IEEE Transactions on Information Theory},
  volume={55},
  number={7},
  pages={3032--3050},
  year={2009},
  publisher={IEEE}
}

@article{niknam2020intelligent,
  title={Intelligent {O-RAN} for beyond {5G} and {6G} wireless networks},
  author={Niknam, Solmaz and Roy, Abhishek and Dhillon, Harpreet S and Singh, Sukhdeep and Banerji, Rahul and Reed, Jeffery H and Saxena, Navrati and Yoon, Seungil},
  journal={arXiv preprint arXiv:2005.08374},
  year={2020}
}

@article{bonati2021intelligence,
  title={Intelligence and learning in {O-RAN} for data-driven Next{G} cellular networks},
  author={Bonati, Leonardo and D'Oro, Salvatore and Polese, Michele and Basagni, Stefano and Melodia, Tommaso},
  journal={IEEE Communications Magazine},
  volume={59},
  number={10},
  pages={21--27},
  year={2021},
  publisher={IEEE}
}

@TECHREPORT{MediaTek_6G_whitepaper_2022,
  AUTHOR =        {},
  TITLE =         {{6G} Vision White Paper: MediaTek's vision for the next-generation of cellular mobile technologies},
  INSTITUTION =   {MediaTek},
  MONTH =         {January},
  YEAR  =         {2022},
  URL   =         {https://www.mediatek.com/blog/6g-whitepaper}
}

@article{nasir2019multi,
  title={Multi-agent deep reinforcement learning for dynamic power allocation in wireless networks},
  author={Nasir, Yasar Sinan and Guo, Dongning},
  journal={IEEE Journal on Selected Areas in Communications},
  volume={37},
  number={10},
  pages={2239--2250},
  year={2019},
  publisher={IEEE}
}

@article{shen2020graph,
  title={Graph neural networks for scalable radio resource management: Architecture design and theoretical analysis},
  author={Shen, Yifei and Shi, Yuanming and Zhang, Jun and Letaief, Khaled B},
  journal={IEEE Journal on Selected Areas in Communications},
  volume={39},
  number={1},
  pages={101--115},
  year={2020},
  publisher={IEEE}
}


@article{letaief2021edge,
  title={Edge artificial intelligence for {6G}: Vision, enabling technologies, and applications},
  author={Letaief, Khaled B and Shi, Yuanming and Lu, Jianmin and Lu, Jianhua},
  journal={IEEE Journal on Selected Areas in Communications},
  volume={40},
  number={1},
  pages={5--36},
  year={2021},
  publisher={IEEE}
}


@article{ribeiro2010ergodic,
  title={Ergodic stochastic optimization algorithms for wireless communication and networking},
  author={Ribeiro, Alejandro},
  journal={IEEE Transactions on Signal Processing},
  volume={58},
  number={12},
  pages={6369--6386},
  year={2010},
  publisher={IEEE}
}

@article{chowdhury2021unfolding,
  title={Unfolding {WMMSE} using graph neural networks for efficient power allocation},
  author={Chowdhury, Arindam and Verma, Gunjan and Rao, Chirag and Swami, Ananthram and Segarra, Santiago},
  journal={IEEE Transactions on Wireless Communications},
  volume={20},
  number={9},
  pages={6004--6017},
  year={2021},
  publisher={IEEE}
}

@inproceedings{chowdhury2021efficient,
  title={Efficient power allocation using graph neural networks and deep algorithm unfolding},
  author={Chowdhury, Arindam and Verma, Gunjan and Rao, Chirag and Swami, Ananthram and Segarra, Santiago},
  booktitle={ICASSP 2021-2021 IEEE International Conference on Acoustics, Speech and Signal Processing (ICASSP)},
  pages={4725--4729},
  year={2021},
  organization={IEEE}
}

@inproceedings{li2022power,
  title={Power allocation for wireless federated learning using graph neural networks},
  author={Li, Boning and Swami, Ananthram and Segarra, Santiago},
  booktitle={ICASSP 2022-2022 IEEE International Conference on Acoustics, Speech and Signal Processing (ICASSP)},
  pages={5243--5247},
  year={2022},
  organization={IEEE}
}

@inproceedings{naderializadeh2022adaptive,
  title={Adaptive Wireless Power Allocation with Graph Neural Networks},
  author={NaderiAlizadeh, Navid and Eisen, Mark and Ribeiro, Alejandro},
  booktitle={ICASSP 2022-2022 IEEE International Conference on Acoustics, Speech and Signal Processing (ICASSP)},
  pages={5213--5217},
  year={2022},
  organization={IEEE}
}

@book{danskin2012theory,
  title={The theory of max-min and its application to weapons allocation problems},
  author={Danskin, John M},
  volume={5},
  year={2012},
  publisher={Springer Science \& Business Media}
}

@book{boyd2004convex,
  title={Convex optimization},
  author={Boyd, Stephen and Boyd, Stephen P and Vandenberghe, Lieven},
  year={2004},
  publisher={Cambridge university press}
}

@inproceedings{
azizian2021expressive,
title={Expressive Power of Invariant and Equivariant Graph Neural Networks},
author={Waiss Azizian and Marc Lelarge},
booktitle={International Conference on Learning Representations},
year={2021},
url={https://openreview.net/forum?id=lxHgXYN4bwl}
}

@article{keriven2021universality,
  title={On the Universality of Graph Neural Networks on Large Random Graphs},
  author={Keriven, Nicolas and Bietti, Alberto and Vaiter, Samuel},
  journal={Advances in Neural Information Processing Systems},
  volume={34},
  pages={6960--6971},
  year={2021}
}

@article{zaheer2017deep,
  title={Deep sets},
  author={Zaheer, Manzil and Kottur, Satwik and Ravanbakhsh, Siamak and Poczos, Barnabas and Salakhutdinov, Russ R and Smola, Alexander J},
  journal={Advances in Neural Information Processing Systems},
  volume={30},
  year={2017}
}

@inproceedings{lee2019set,
  title={Set transformer: A framework for attention-based permutation-invariant neural networks},
  author={Lee, Juho and Lee, Yoonho and Kim, Jungtaek and Kosiorek, Adam and Choi, Seungjin and Teh, Yee Whye},
  booktitle={International Conference on Machine Learning},
  pages={3744--3753},
  year={2019},
  organization={PMLR}
}

@article{li2021heterogeneous,
  title={Heterogeneous transformer: A scale adaptable neural network architecture for device activity detection},
  author={Li, Yang and Chen, Zhilin and Wang, Yunqi and Yang, Chenyang and Wu, Yik-Chung},
  journal={arXiv preprint arXiv:2112.10086},
  year={2021}
}

@article{li2022heterogeneous,
  title={Heterogeneous transformer: A scale adaptable neural network architecture for device activity detection},
  author={Li, Yang and Chen, Zhilin and Wang, Yunqi and Yang, Chenyang and Ai, Bo and Wu, Yik-Chung},
  journal={IEEE Transactions on Wireless Communications},
  year={2022},
  publisher={IEEE}
}


@inproceedings{
naderializadeh2021pooling,
title={Pooling by Sliced-{Wasserstein} Embedding},
author={Navid Naderializadeh and Joseph F. Comer and Reed W Andrews and Heiko Hoffmann and Soheil Kolouri},
booktitle={Advances in Neural Information Processing Systems},
year={2021},
url={https://openreview.net/forum?id=1z2T01DKEaE}
}

@inproceedings{naderializadeh2022state,
  title={State-Augmented Algorithms for Wireless Resource Management with Graph Neural Networks},
  author={Naderializadeh, Navid and Eisen, Mark and Ribeiro, Alejandro},
  booktitle={2022 56th Asilomar Conference on Signals, Systems, and Computers},
  year={2022},
  organization={IEEE}
}

@article{nedic2009subgradient,
  title={Subgradient methods for saddle-point problems},
  author={Nedi{\'c}, Angelia and Ozdaglar, Asuman},
  journal={Journal of optimization theory and applications},
  volume={142},
  number={1},
  pages={205--228},
  year={2009},
  publisher={Springer}
}