@inproceedings{Plane:2008:CCB:1384271.1384352,
 author = {Plane, Jandelyn D. and Venter, Isabella},
 title = {Comparing Capacity Building Frameworks for Computer Science Education in Underdeveloped Countries: An Asian and African Perspective},
 booktitle = {ITiCSE 2008},
 year = {2008}
} 

@misc{web:PNGWorld,
  author = {Worldbank},
  title = {Overview of Papua New Guinea},
  howpublished = {\url{https://www.worldbank.org/en/country/png/overview}},
  note = {Accessed: 2019-10-25},
  year = 2008
}

@misc{web:undp,
 title = {About Papua New Guinea},
 author = {UN Development Programme},
 howpublished = {\url{https://www.pg.undp.org/content/papua_new_guinea/en/home/countryinfo.html}},
 note = {Accessed: 2019-10-25},
  year = 2008
}

@misc{web:bridges,
 title = {BRIDGES2019},
 author = {BRIDGES},
 howpublished = {\url{https://naist-se.github.io/BRIDGES2019/}},
 note = {Accessed: 2020-8-15},
  year = 2020
}

@misc{web:ictcluster,
 title = {{PNG} digital Information Communication and Technology Cluster Association},
 author = {PNGICT Cluster},
 howpublished = {\url{https://www.facebook.com/pngictcluster/}},
 note = {Accessed: 2020-8-15},
  year = 2020
}

@inproceedings{Craggs:2019,
 author = {Craggs, Barnaby and Rashid, Awais},
 title = {Trust Beyond Computation Alone: Human Aspects of Trust in Blockchain Technologies},
 booktitle = {ICSE-SEIS 2019},
 year = {2019}
} 

@book{Creswell2008,
  author = {Creswell, J. W.},
  edition = 3,
  publisher = {Sage Publications Ltd.},
  title = {Research Design: Qualitative, Quantitative, and Mixed Methods Approaches},
  year = 2008
}


@article{Braun,
author = { Virginia   Braun  and  Victoria   Clarke },
title = {Using thematic analysis in psychology},
journal = {Qualitative Research in Psychology},
volume = {3},
number = {2},
pages = {77-101},
year  = {2006},
publisher = {Routledge}
}

@article{khaksar2015study,
  title={Study of the software industry problems in Iran},
  author={Khaksar, Erfan and Khaksar, Alireza},
  journal={American Journal of Systems and Software},
  volume={3},
  number={1},
  pages={20--23},
  year={2015}
}
@inproceedings{suliman2008barriers,
  title={Barriers for Implementing ICT on Higher Education in Underdeveloped Countries" Sudan: Case Study"},
  author={Suliman, Ayman Abd Elmotti and Fie, David Yong Gun and Raman, Murali and Alam, Nafis},
  booktitle={CONF-IRM 2008 Proceedings},
  pages={12},
  year={2008}
}

@inproceedings{osman2012teaching,
  title={Teaching software engineering in developing countries: a position paper},
  author={Osman, Rasha},
  booktitle={COMPSAC 2012},
  year={2012},
}

@article{blake2006socially,
  title={Socially aware software engineering for the developing world},
  author={Blake, Prof Edwin and Tucker, William},
  year={2006},
  publisher={IIMC International Information Management Corporation,}
}

@inproceedings{garg2008software,
  title={Software engineering education in India: Issues and challenges},
  author={Garg, Kirti and Varma, Vasudeva},
  booktitle={CSEE\&T 2008},
  year={2008}
}

@book{mcnamera2003information,
  title={Information and communication technologies, poverty and development: Learning from experience},
  author={McNamera, Kerry S},
  year={2003},
  publisher={The World Bank}
}

@inproceedings{mursu2000information,
  title={Information systems development in a developing country: Theoretical analysis of special requirements in Nigeria and Africa},
  author={Mursu, Anja and Soriyan, Hettie Abimbola and Olufokunbi, K and Korpela, Mikko},
  booktitle={HICSS 2000}
}

@article{bailur2005small,
  title={Small Island Developing States as Emerging Software Exporting Nations: The Case of Mauritius},
  author={Bailur, Savita and Sharma, Baljinder},
  journal={Enhancing Human Resource Development through ICT},
  pages={308},
  year={2005}
}

@article{vlahovic2016study,
  title={Study of Software Development in Developing Countries: Case of Croatia},
  author={Vlahovi{\'c}, Nikola and Glavan, Ljubica Milanovi{\'c} and Frankovi{\'c}, Anja},
  journal={Intl. Jrnl of Com.},
  volume={10},
  pages={67--75},
  year={2016}
}


@inproceedings{teka2016usability,
  title={Usability challenges in an Ethiopian software development organization},
  author={Teka, Degif and Dittrich, Yvonne and Kifle, Mesfin},
  booktitle={CHASE 2016},
  year={2016},
}

@article{van2009power,
  title={The power to change: Adopting free and open source software in Papua New Guinea},
  author={Van Reijswoud, Victor and others},
  journal={Contemporary PNG Studies},
  volume={10},
  pages={40},
  year={2009},
  publisher={DWU Press Publishers}
}

@article{camara2007information,
  title={Information policies and open source software in developing countries},
  author={Camara, Gilberto and Fonseca, Frederico},
  journal={Journal of the American society for information science and technology},
  volume={58},
  number={1},
  pages={121--132},
  year={2007},
  publisher={Wiley Online Library}
}
@inproceedings{gakh2018open,
  title={Open source software to support the education processes in software development in post-soviet countries},
  author={Gakh, Dmitri},
  booktitle={INTERNET-EDUCATION-SCIENCE 2018},
  year={2018}
}

@article{stefanovic2010ict,
  title={ICT industry in Serbia: Condition and improvement by QMS},
  author={Stefanovic, Miladin and Matijevic, Milan and Devedzic, Goran},
  journal={World Journal of Science, Technology and Sustainable Development},
  volume={7},
  number={1},
  pages={73--90},
  year={2010},
  publisher={Emerald Group Publishing Limited}
}


@online{web:GSMReportPacific,
  author = {GSMA},
  title = {The Mobile Economy Pacific Islands 2019},
  howpublished = {\url{https://www.gsma.com/r/mobileeconomy/pacific-islands/}},
  note = {Accessed: 2019-10-25},
  year={2019}
}

@online{web:informalsector,
  author = {GSMA},
  title = {Sleeping giant at the heart of PNG economy},
  howpublished = {\url{https://tinyurl.com/y6m3pzay}},
  note = {Accessed: 2019-10-25},
  year={2019}
}

@online{web:informal,
  author = {PNGNARI},
  title = {The Information Economy in Papua New Guinea: Scoping review of Literature and Areas For Further Research},
  howpublished = {\url{https://pngnri.org/images/Publications/IP25-201704-The-informal-economy-in-PNG-Scoping-Study.pdf}},
  note = {Accessed: 2019-10-25},
  year={2019}
}

@online{web:wbsgbp,
  author = {World Bank},
  title = {Slower Growth, Better Prospects},
  howpublished = {\url{https://www.worldbank.org/en/country/png/publication/papua-new-guinea-slower-growth-better-prospects}},
  note = {Accessed: 2019-10-25},
  year={2019}
}

@online{web:2018appchallenge,
  author = {APEC},
  title = {2018 APEC App Challenge},
  howpublished = {\url{https://www.apec.org/Press/Features/2018/0530_app}},
  note = {Accessed: 2019-10-25},
}
%  year={2019}

@online{web:blockchain,
  author = {Oxford Business Group},
  title = {Growth unchained: New technologies coupled with infrastructure upgrades are expanding access to financial services},
  howpublished = {\url{https://oxfordbusinessgroup.com/analysis/growth-unchained-new-technologies-coupled-infrastructure-upgrades-are-expanding-access-financial}},
  note = {Accessed: 2019-10-25},
  year={2019}
}

@online{web:literacy,
  author = {Knoema},
  title = {PNG -- Adult (15+) literacy rate},
  howpublished = {\url{https://knoema.com/atlas/Papua-New-Guinea/topics/Education/Literacy/Adult-literacy-rate}},
  note = {Accessed: 2019-10-25},
  year={2019}
}

@misc{web:dataco,
  author = {Oxford Business Group},
  title = {How {PNG} is achieving faster, more reliable internet access},
  howpublished = {\url{https://oxfordbusinessgroup.com/news/how-png-achieving-faster-more-reliable-internet-access}},
  note = {Accessed: 2019-10-25},
  year={2019}
}


@article{Ali:2016:BID:2955226.2930886,
 author = {Ali, Syed Mustafa},
 title = {A Brief Introduction to Decolonial Computing},
 journal = {XRDS},
 issue_date = {Summer 2016},
 volume = {22},
 number = {4},
 month = jun,
 year = {2016},
 issn = {1528-4972},
 pages = {16--21},
 numpages = {6},
 url = {http://doi.acm.org/10.1145/2930886},
 doi = {10.1145/2930886},
 acmid = {2930886},
 publisher = {ACM},
 address = {New York, NY, USA},
}

@article{Bidwell:2016:DHI:2955226.2930884,
 author = {Bidwell, Nicola J.},
 title = {Decolonising HCI and Interaction Design Discourse: Some Considerations in Planning AfriCHI},
 issue_date = {Summer 2016},
 volume = {22},
 number = {4},
 month = jun,
 year = {2016},
 issn = {1528-4972},
 pages = {22--27},
 numpages = {6}
}

@article{Scoica:2016:SGL:2955226.2948630,
 author = {Scoic\u{a}, Adrian},
 title = {Sanny Gaddafi :  Living at the Forefront of Indonesia's Tech Emancipation},
 journal = {XRDS},
 issue_date = {Summer 2016},
 volume = {22},
 number = {4},
 month = jun,
 year = {2016},
 issn = {1528-4972},
 pages = {52--53},
 numpages = {2}
}

@BOOK{RePEc:oxp:obooks:9780199655892,
title = {The Oxford Handbook of Human Capital},
editor = {Burton-Jones, Alan and Spender, J.-C.},
year = {2012},
publisher = {Oxford University Press}
}

@article{Ahmed:2018:BD:3234519.3225621,
 author = {Ahmed, Alex},
 title = {Beyond Diversity},
 journal = {Commun. ACM},
 issue_date = {July 2018},
 volume = {61},
 number = {7},
 month = jun,
 year = {2018},
 issn = {0001-0782},
 pages = {30--32},
 numpages = {3}
}

@article{Kirkpatrick:2018:BIW:3234519.3213775,
 author = {Kirkpatrick, Keith},
 title = {Bringing the Internet to the (Developing) World},
 journal = {Commun. ACM},
 issue_date = {July 2018},
 volume = {61},
 number = {7},
 month = jun,
 year = {2018},
 issn = {0001-0782},
 pages = {20--21},
 numpages = {2}
}

@article{Dye:2018:HIE:3301428.3289487,
 author = {Dye, Michaelanne and Nemer, David and Mangiameli, Josiah and Bruckman, Amy and Kumar, Neha},
 title = {The Human Infrastructure of El Paquete, Cuba's Offline Internet},
 journal = {Interactions},
 issue_date = {January - February 2019},
 volume = {26},
 number = {1},
 month = dec,
 year = {2018},
 issn = {1072-5520},
 pages = {58--62},
 numpages = {5}
}

@inproceedings{Knutas:2019:SEC:3339974.3339981,
 author = {Knutas, Antti and Palacin, Victoria and Maccani, Giovanni and Helfert, Markus},
 title = {Software Engineering in Civic Tech a Case Study About Code for Ireland},
 booktitle = {ICSE-SEIS 2019},
 year = {2019}
}

@inproceedings{Borg:2018:DSG:3183428.3183434,
 author = {Borg, Markus and Olsson, Thomas and Franke, Ulrik and Assar, Sa\"{\i}d},
 title = {Digitalization of Swedish Government Agencies: A Perspective Through the Lens of a Software Development Census},
 booktitle = {ICSE-SEIS 2018},
 year = {2018}
}

@article{bhagavan2001technological,
  title={Technological leapfrogging by developing countries},
  author={Bhagavan, MR},
  journal={EOLSS: Paris, France},
  year={2001}
}

@inproceedings{Wang:2019:CSI:3339028.3339060,
 author = {Wang, Yi and Zhang, Min},
 title = {Country Stereotypes, Initial Trust, and Cooperation in Global Software Development Teams},
 booktitle = {Proceedings of the 14th International Conference on Global Software Engineering},
 series = {ICGSE '19},
 year = {2019},
 location = {Montreal, Quebec, Canada},
 pages = {142--151},
 numpages = {10}
}

@article{Wohlin:2015:GTS:2827361.2827466,
 author = {Wohlin, Claes and \v{S}mite, Darja and Moe, Nils Brede},
 title = {A General Theory of Software Engineering},
 journal = {J. Syst. Softw.},
 issue_date = {November 2015},
 volume = {109},
 number = {C},
 month = nov,
 year = {2015},
 issn = {0164-1212},
 pages = {229--242},
 numpages = {14},
 publisher = {Elsevier Science Inc.}
}

@article{DBLP:journals/corr/abs-1805-03844,
  author    = {Saya Onoue and
               Hideaki Hata and
               Raula Gaikovina Kula and
               Kenichi Matsumoto},
  title     = {Human Capital in Software Engineering: {A} Systematic Mapping of Reconceptualized Human Aspect Studies},
  journal   = {CoRR},
  volume    = {abs/1805.03844},
  year      = {2018},
  archivePrefix = {arXiv}
}

@inproceedings{Robillard2020,
 author = {M. P. Robillard and C. Treude},
 title = {Understanding Wikipedia as a Resource for Opportunistic Learning of Computing Concepts},
 booktitle = {SIGCSE 2020},
 year = {2020},
 note = {To appear}
}

@article{braun2006using,
  title={Using thematic analysis in psychology},
  author={Braun, Virginia and Clarke, Victoria},
  journal={Qualitative research in psychology},
  volume={3},
  number={2},
  pages={77--101},
  year={2006}
}

@misc{web:GHCI,
 title = {Global Human Capital Report 2017},
 author = {World Economic Forum},
 howpublished = {\url{http://reports.weforum.org/global-human-capital-report-2017/}},
 note = {Accessed: 2019-10-25},
  year={2019}
}

@book{Castells2010NetworkSociety,
 author = {Castells, Manuel},
 title = {The  Rise of the Network Society},
 year = {2010},
 edition = {2nd},
 publisher = {Wiley-Blackwell},
} 
