@article{viera2005understanding,
  title={{Understanding Interobserver Agreement: The Kappa Statistic}},
  author={Viera, Anthony J and Garrett, Joanne M and others},
  journal={Family Medicine},
  volume={37},
  number={5},
  pages={360--363},
  year={2005}
}
@inproceedings{Tao:2014,
 author = {Tao, Yida and Han, Donggyun and Kim, Sunghun},
 title = {{Writing Acceptable Patches: An Empirical Study of Open Source Project Patches}},
 booktitle = {Proceedings of the 30th IEEE International Conference on Software Maintenance and Evolution},
 year = {2014},
 pages = {271--280},
} 

@inproceedings{Sedano:2017,
 author = {Sedano, Todd and Ralph, Paul and P{\'e}raire, C{\'e}cile},
 title = {{Software Development Waste}},
 booktitle = {Proceedings of the 39th International Conference on Software Engineering},
 year = {2017},
 pages = {130--140},
} 

@INPROCEEDINGS{Hata:ICSE19, 
    author={H. Hata and C. Treude and R. G. Kula and T. Ishio}, 
    booktitle={Proceedings of the 41st International Conference on Software Engineering}, 
    title={{9.6 Million Links in Source Code Comments: Purpose, Evolution, and Decay}}, 
    year={2019}
}

@article{Aniche:2018,
 author = {Aniche, Maur\'{\i}cio and Bavota, Gabriele and Treude, Christoph and Gerosa, Marco Aur{\'e}lio and Deursen, Arie},
 title = {{Code Smells for Model-View-Controller Architectures}},
 journal = {Empirical Software Engineering},
 volume = {23},
 number = {4},
 year = {2018},
 pages = {2121--2157}
}

@inproceedings{FSE2013_Rigby,
 author = {Rigby, Peter C. and Bird, Christian},
 title = {{Convergent Contemporary Software Peer Review Practices}},
 booktitle = {Proceedings of the 9th Joint Meeting on Foundations of Software Engineering},
 pages = {202--212},
 year = {2013}
} 

@INPROCEEDINGS{MSR2016_Yang, 
author={X. Yang and R. G. Kula and N. Yoshida and H. Iida}, 
booktitle={Proceedings of the 13th International Conference on Mining Software Repositories}, 
title={{Mining the Modern Code Review Repositories: A Dataset of People, Process and Product}}, 
year={2016}, 
}

@inproceedings{ASE2012_Nguyen,
 author = {Nguyen, Anh Tuan and Nguyen, Tung Thanh and Nguyen, Tien N. and Lo, David and Sun, Chengnian},
 title = {{Duplicate Bug Report Detection with a Combination of Information Retrieval and Topic Modeling}},
 booktitle = {Proceedings of the 27th International Conference on Automated Software Engineering},
 year = {2012}
}

@INPROCEEDINGS{Ali_2016, 
author={A. Ouni and R. G. Kula and K. Inoue}, 
booktitle={Proceedings of the 32nd International Conference on Software Maintenance and Evolution}, 
title={{Search-Based Peer Reviewers Recommendation in Modern Code Review}}, 
year={2016}, 
pages={367--377}}

@article{IST2017_Ali,
title = {{Search-Based Software Library Recommendation Using Multi-Objective Optimization}},
journal = {Information and Software Technology},
pages = {55--75},
year = {2017},
author = {Ali Ouni and Raula Gaikovina Kula and Marouane Kessentini and Takashi Ishio and Daniel M. German and Katsuro Inoue}
}

@INPROCEEDINGS{SANER2015_Pick, 
author={P. Thongtanunam and C. Tantithamthavorn and R. G. Kula and N. Yoshida and H. Iida and K. Matsumoto}, 
booktitle={Proceedings of the 22nd International Conference on Software Analysis, Evolution, and Reengineering}, 
title={{Who Should Review My Code? A File Location-Based Code-Reviewer Recommendation Approach for Modern Code Review}}, 
year={2015}
}

@article{EMSE2017_Pick,
 author = {Thongtanunam, Patanamon and Mcintosh, Shane and Hassan, Ahmed E. and Iida, Hajimu},
 title = {{Review Participation in Modern Code Review}},
 journal = {Empirical Software Engineering},
 volume = {22},
 number = {2},
 year = {2017}
} 

@inproceedings{MSR15_Pick,
 author = {Thongtanunam, Patanamon and McIntosh, Shane and Hassan, Ahmed E. and Iida, Hajimu},
 title = {{Investigating Code Review Practices in Defective Files: An Empirical Study of the Qt System}},
 booktitle = {Proceedings of the 12th Working Conference on Mining Software Repositories},
 year = {2015},
} 

@INPROCEEDINGS{Hindle2013_MSR, 
author={A. Alipour and A. Hindle and E. Stroulia}, 
booktitle={Proceedings of the 10th Working Conference on Mining Software Repositories}, 
title={{A Contextual Approach Towards More Accurate Duplicate Bug Report Detection}}, 
year={2013}
}

@INPROCEEDINGS{Runeson07_ICSE, 
author={P. Runeson and M. Alexandersson and O. Nyholm}, 
booktitle={Proceedings of the 29th International Conference on Software Engineering}, 
title={{Detection of Duplicate Defect Reports Using Natural Language Processing}}, 
year={2007}, 
}

@Article{Zhang2015,
author={Zhang, Yun and Lo, David and Xia, Xin and Sun, Jian-Ling},
title={{Multi-Factor Duplicate Question Detection in Stack Overflow}},
journal={Journal of Computer Science and Technology},
year={2015},
pages={981--997},
}

@INPROCEEDINGS{Treude_MSR, 
author={F. N. A. Al Omran and C. Treude}, 
booktitle={Proceedings of the 14th International Conference on Mining Software Repositories},
title={{Choosing an NLP Library for Analyzing Software Documentation: A Systematic Literature Review and a Series of Experiments}}, 
year={2017}, 
pages={187--197},
}

@inproceedings{ICSME18_pull,
 author = {Xin Zhang and Yang Chen and Yongfeng Gu, Weiqin Zou and Xiaoyuan Xie and Xiangyang Jia and Jifeng Xuan},
 title = {{How do Multiple Pull Requests Change the Same Code: A Study of Competing Pull Requests in GitHub}},
 booktitle = {Proceedings of the 34th International Conference on Software Maintenance and Evolution},
 year = 2018}
 
@INPROCEEDINGS{Bacchelli_ICSE2013, 
 author={A. Bacchelli and C. Bird}, 
 booktitle={Proceedings of the 35th International Conference on Software Engineering}, 
 title={{Expectations, Outcomes, and Challenges of Modern Code Review}}, 
 year={2013}, 
 pages={712--721}, 
}
 
 @inproceedings{bug_2012,
 author = {Nguyen, Anh Tuan and Nguyen, Tung Thanh and Nguyen, Tien N. and Lo, David and Sun, Chengnian},
 title = {{Duplicate Bug Report Detection with a Combination of Information Retrieval and Topic Modeling}},
 booktitle = {Proceedings of the 27th International Conference on Automated Software Engineering},
 year = {2012},
 pages = {70--79},
} 
@article{Fagan_1976,
 author = {Fagan, M. E.},
 title = {{Design and Code Inspections to Reduce Errors in Program Development}},
 journal = {IBM Systems Journal},
 volume = {15},
 number = {3},
 year = {1976},
 pages = {182--211},
} 
@inproceedings{Rigby_2011,
 author = {Rigby, Peter C. and Storey, Margaret-Anne},
 title = {{Understanding Broadcast Based Peer Review on Open Source Software Projects}},
 booktitle = {Proceedings of the 33rd International Conference on Software Engineering},
 year = {2011},
 pages = {541--550},
} 

@INPROCEEDINGS{Xin_2015, 
author={X. Xia and D. Lo and X. Wang and X. Yang}, 
booktitle={Proceedings of the 31st International Conference on Software Maintenance and Evolution}, 
title={{Who Should Review This Change?: Putting Text and File Location Analyses Together for More Accurate Recommendations}}, 
year={2015}, 
pages={261--270}, 
}

@INPROCEEDINGS{O_2016, 
author={O. Kononenko and O. Baysal and M. W. Godfrey}, 
booktitle={Proceedings of the 38th International Conference on Software Engineering}, 
title={{Code Review Quality: How Developers See It}}, 
year={2016}, 
}

@INPROCEEDINGS{G_37, 
author={G. Gousios and A. Zaidman and M. Storey and A. van Deursen}, 
booktitle={Proceedings of the 37th International Conference on Software Engineering}, 
title={{Work Practices and Challenges in Pull-Based Development: The Integrator's Perspective}},
year={2015}, 
volume={1}, 
pages={358--368}, 
}

@INPROCEEDINGS{G_38, 
author={G. Gousios and M. Storey and A. Bacchelli}, 
booktitle={Proceedings of the 38th International Conference on Software Engineering}, 
title={{Work Practices and Challenges in Pull-Based Development: The Contributor's Perspective}}, 
year={2016}, 
pages={285--296}, 
}

@INPROCEEDINGS{G_14, 
author={G. Gousios and M. Pinzger and A. v. Deursen}, 
booktitle={Proceedings of the 36th International Conference on Software Engineering}, 
title={{An Exploratory Study of the Pull-Based Software Development Model}}, 
year={2014}, 
pages={345--355}, 
}

@INPROCEEDINGS{Mockus_FSE, 
author={J. Zhu and M. Zhou and A. Mockus}, 
booktitle={Proceedings of the 24th International Symposium on Foundations of Software Engineering}, 
title={{Effectiveness of Code Contribution: From Patch-Based to Pull-Request-Based Tools}}, 
year={2016}, 
pages={871--882}, 
}

@INPROCEEDINGS{Pick_revisit, 
author={P. Thongtanunam and S. McIntosh and A. E. Hassan and H. Iida}, 
booktitle={Proceedings of the 38th International Conference on Software Engineering}, 
title={{Revisiting Code Ownership and Its Relationship with Software Quality in the Scope of Modern Code Review}}, 
year={2016}, 
pages={1039--1050}, 
}

@INPROCEEDINGS{Test_2018, 
author={D. Spadini and M. Aniche and M. Storey and M. Bruntink and A. Bacchelli}, 
booktitle={Proceedings of the 40th International Conference on Software Engineering}, 
title={{When Testing Meets Code Review: Why and How Developers Review Tests}}, 
year={2018}, 
pages={677--687}, 
}

@INPROCEEDINGS{Hindle_2015, 
author={K. Aggarwal and T. Rutgers and F. Timbers and A. Hindle and R. Greiner and E. Stroulia}, 
booktitle={Proceedings of the 22nd International Conference on Software Analysis, Evolution, and Reengineering}, 
title={{Detecting Duplicate Bug Reports with Software Engineering Domain Knowledge}}, 
year={2015}, 
pages={211--220}}

@INPROCEEDINGS{Vincent2015, 
author={V. Boisselle and B. Adams}, 
booktitle={Proceedings of the 15th International Working Conference on Source Code Analysis and Manipulation}, 
title={{The Impact of Cross-Distribution Bug Duplicates, Empirical Study on Debian and Ubuntu}}, 
year={2015}, 
pages={131--140}
}

@inproceedings{balachandran2013reducing,
author = {Balachandran, Vipin},
title = {{Reducing Human Effort and Improving Quality in Peer Code Reviews using Automatic Static Analysis and Reviewer Recommendation}},
booktitle = {Proceedings of the 35th International Conference on Software Engineering},
year = {2013},
pages = {931--940}
}

@inproceedings{yu2014reviewer,
title={{Reviewer Recommender of Pull-Requests in GitHub}},
author={Yu, Yue and Wang, Huaimin and Yin, Gang and Ling, Charles X},
booktitle={Proceedings of the 30th International Conference on Software Maintenance and Evolution},
pages={610--613},
year={2014}
}

@article{Cliff1996,
author = {Norman Cliff},
title = {{Answering Ordinal Questions with Ordinal Data Using Ordinal Statistics}},
journal = {Multivariate Behavioral Research},
volume = {31},
number = {3},
pages = {331--350},
year  = {1996}
}
@article{Cliff1993,
author = {Norman Cliff},
title = {{Dominance Statistics: Ordinal Analyses to Answer Ordinal Questions}},
journal = {Multivariate Behavioral Research},
volume = {114},
number = {3},
pages = {494--509},
year  = {1993}
}
@article{ruangwan2018,
Author={Ruangwan, Shade and Thongtanunam, Patanamon and Ihara, Akinori and Matsumoto, Kenichi},
Title={{The Impact of Human Factors on the Participation Decision of Reviewers in Modern Code Review}},
journal={Empirical Software Engineering},
year={2018}}
@article{Random_2012,
 author = {Biau, G{\'e}rard},
 title = {{Analysis of a Random Forests Model}},
 journal = {Journal of Machine Learning Research},
 volume = {13},
 number = {1},
 year = {2012},
 pages = {1063--1095},
} 
@inproceedings{Moritz_2015,
 author = {Beller, Moritz and Bacchelli, Alberto and Zaidman, Andy and Juergens, Elmar},
 title = {{Modern Code Reviews in Open-Source Projects: Which Problems Do They Fix?}},
 booktitle = {Proceedings of the 11th Working Conference on Mining Software Repositories},
 year = {2014},
} 
@article{Information_2018,
 author = {Pascarella, Luca and Spadini, Davide and Palomba, Fabio and Bruntink, Magiel and Bacchelli, Alberto},
 title = {{Information Needs in Contemporary Code Review}},
 journal = {Proceedings of the ACM Conference on Computer Supported Cooperative Work},
 year = {2018},
} 
@inproceedings{Rahman_2017,
 author = {Rahman, Mohammad Masudur and Roy, Chanchal K. and Kula, Raula G.},
 title = {{Predicting Usefulness of Code Review Comments Using Textual Features and Developer Experience}},
 booktitle = {Proceedings of the 14th International Conference on Mining Software Repositories},
 year = {2017},
 pages = {215--226},
 }
@inproceedings{Google_2018,
title	= {{Modern Code Review: A Case Study at Google}},
author	= {Caitlin Sadowski and Emma Söderberg and Luke Church and Michal Sipko and Alberto Bacchelli},
year	= {2018},
booktitle = {Proceedings of the 39th International Conference on Software Engineering: Software Engineering in Practice Track}
}
@article{Olga_2016,
Author={Olga Baysal and Oleksii Kononenko and Reid Holmes and Michael W. Godfrey},
Title={{Investigating Technical and Non-technical Factors Influencing Modern Code Review}},
journal={Empirical Software Engineering},
year={2016}
}
@inproceedings{Bosu_useful,
 author = {Bosu, Amiangshu and Greiler, Michaela and Bird, Christian},
 title = {{Characteristics of Useful Code Reviews: An Empirical Study at Microsoft}},
 booktitle = {Proceedings of the 12th Working Conference on Mining Software Repositories},
 year = {2015},
 pages = {146--156},
} 
@inproceedings{fair_icse,
 author = {German, Daniel M. and Robles, Gregorio and Poo-Caama\~{n}o, Germ\'{a}n and Yang, Xin and Iida, Hajimu and Inoue, Katsuro},
 title = {{``Was My Contribution Fairly Reviewed?'': A Framework to Study the Perception of Fairness in Modern Code Reviews}},
 booktitle = {Proceedings of the 40th International Conference on Software Engineering},
 year = {2018},
 pages = {523--534},
} 
@article{kappa,
 author = {J. Richard Landis and Gary G. Koch},
 journal = {Biometrics},
 number = {1},
 pages = {159--174},
 publisher = {[Wiley, International Biometric Society]},
 title = {The Measurement of Observer Agreement for Categorical Data},
 volume = {33},
 year = {1977}
}
@article{JCST_bug,
author = {Kanwal, Jaweria and Maqbool, Onaiza},
year = {2012},
month = {03},
pages = {},
title = {Bug Prioritization to Facilitate Bug Report Triage},
volume = {27},
journal = {Journal of Computer Science and Technology},
doi = {10.1007/s11390-012-1230-3}
}
}
@ARTICLE{KM, 
author={I. {Rus} and M. {Lindvall}}, 
journal={IEEE Software}, 
title={Knowledge management in software engineering}, 
year={2002}, 
volume={19}, 
number={3}, 
pages={26-38}, 
month={May},}
@article{KM_01,
 author = {Ramasubramanian, Shivram and Jagadeesan, Gokulakrishnan},
 title = {Knowledge Management at Infosys},
 journal = {IEEE Softw.},
 issue_date = {May 2002},
 volume = {19},
 number = {3},
 month = may,
 year = {2002},
 issn = {0740-7459},
 pages = {53--55},
 numpages = {3},
 publisher = {IEEE Computer Society Press},}
@InProceedings{KM_02,
author = {Sutherland, Andrew and Venolia, Gina},
title = {Can Peer Code Reviews be Exploited for Later Information Needs?},
booktitle = {Proc. ICSE 2009},
year = {2009},
month = {May},
publisher = {IEEE},
edition = {Proc. ICSE 2009},
}
@article{paulin,
author = {Paulin, Dan and Suneson, Kaj},
year = {2012},
month = {01},
pages = {82-92},
title = {Knowledge Transfer, Knowledge Sharing and Knowledge Barriers – Three Blurry Terms in KM},
volume = {10},
journal = {Electronic Journal of Knowledge Management}
}
@ARTICLE{awareness_01, 
author={F. {Lanubile} and F. {Calefato} and C. {Ebert}}, 
journal={IEEE Software}, 
title={Group Awareness in Global Software Engineering}, 
year={2013}, 
volume={30}, 
number={2}, 
pages={18-23}, 
month={March},}
@book{Erikson,
 author = {Erickson, John},
 title = {Database Technologies: Concepts, Methodologies, Tools, and Applications},
 year = {2009},
 isbn = {1605660582, 9781605660585},
 publisher = {Information Science Reference - Imprint of: IGI Publishing},
 address = {Hershey, PA},
} 
@article{leavitt,
 ISSN = {00018392},
 URL = {http://www.jstor.org/stable/2393721},
 author = {Harold J. Leavitt},
 journal = {Administrative Science Quarterly},
 number = {2},
 pages = {288--300},
 publisher = {[Sage Publications, Inc., Johnson Graduate School of Management, Cornell University]},
 title = {The Old Days, Hot Groups, and Managers' Lib},
 volume = {41},
 year = {1996}
}
@inproceedings{awareness_92,
 author = {Dourish, Paul and Bellotti, Victoria},
 title = {Awareness and Coordination in Shared Workspaces},
 booktitle = {Proceedings of the 1992 ACM Conference on Computer-supported Cooperative Work},
 series = {CSCW '92},
 year = {1992},
 pages = {107--114},
 numpages = {8},
 publisher = {ACM},
} 
@Article{awareness_94,
author="Heath, Christian
and Jirotka, Marina
and Luff, Paul
and Hindmarsh, Jon",
title="Unpacking collaboration: the interactional organisation of trading in a city dealing room",
journal="Computer Supported Cooperative Work (CSCW)",
year="1994",
month="Jun",
day="01",
volume="3",
number="2",
pages="147--165",
}
@inproceedings{awareness_2008,
 author = {Sarma, Anita and Redmiles, David and van der Hoek, Andr{\'e}},
 title = {Empirical Evidence of the Benefits of Workspace Awareness in Software Configuration Management},
 booktitle = {Proceedings of the 16th ACM SIGSOFT International Symposium on Foundations of Software Engineering},
 series = {SIGSOFT '08/FSE-16},
 year = {2008},
 pages = {113--123},
 numpages = {11},
} 
@inproceedings{hirao2019fse,
  Author = {Toshiki Hirao and Shane McIntosh and Akinori Ihara and Kenichi Matsumoto},
  Title = {{The Review Linkage Graph for Code Review Analytics: A Recovery Approach and Empirical Study}},
  Year = {2019},
  Booktitle = {Proc. of the International Symposium on the Foundations of Software Engineering (FSE)},
}
@book{IEEE_definition,
 author = {IEEE Computer Society and Bourque, Pierre and Fairley, Richard E.},
 title = {Guide to the Software Engineering Body of Knowledge (SWEBOK(R)): Version 3.0},
 year = {2014},
 edition = {3rd},
 publisher = {IEEE Computer Society Press},
 address = {Los Alamitos, CA, USA},
} 
@article{model_driven,
title = "MOD2-SCM: A model-driven product line for software configuration management systems",
journal = "Information and Software Technology",
volume = "55",
number = "3",
pages = "630 - 650",
year = "2013",
note = "Special Issue on Software Reuse and Product Lines",
author = "Thomas Buchmann and Alexander Dotor and Bernhard Westfechtel",
}
@INPROCEEDINGS{source_scm, 
author={Y. {Ki} and M. {Song}}, 
booktitle={2009 IEEE/ACM International Conference on Automated Software Engineering}, 
title={An Open Source-Based Approach to Software Development Infrastructures}, 
year={2009}, 
volume={}, 
number={}, 
pages={525-529}, 
}
@article{version_scm,
 author = {Kaur, Parminder and Singh, Hardeep},
 title = {Version Management and Composition of Software Components in Different Phases of Software Development Life Cycle},
 journal = {SIGSOFT Softw. Eng. Notes},
 issue_date = {July 2009},
 volume = {34},
 number = {4},
 month = jul,
 year = {2009},
 issn = {0163-5948},
 pages = {1--9},
 numpages = {9},
} 
@inproceedings{scm_2006,
 author = {Cataldo, Marcelo and Wagstrom, Patrick A. and Herbsleb, James D. and Carley, Kathleen M.},
 title = {Identification of Coordination Requirements: Implications for the Design of Collaboration and Awareness Tools},
 booktitle = {Proceedings of the 2006 20th Anniversary Conference on Computer Supported Cooperative Work},
 series = {CSCW '06},
 year = {2006},
 isbn = {1-59593-249-6},
 location = {Banff, Alberta, Canada},
 pages = {353--362},
 numpages = {10},
 publisher = {ACM},
} 
@InProceedings{scm_2007,
author="Dewan, Prasun
and Hegde, Rajesh",
editor="Bannon, Liam J.
and Wagner, Ina
and Gutwin, Carl
and Harper, Richard H. R.
and Schmidt, Kjeld",
title="Semi-synchronous conflict detection and resolution in asynchronous software development",
booktitle="ECSCW 2007",
year="2007",
publisher="Springer London",
address="London",
pages="159--178",
}
@inproceedings{scm_visual,
 author = {Biehl, Jacob T. and Czerwinski, Mary and Czerwinski, Mary and Smith, Greg and Robertson, George G.},
 title = {FASTDash: A Visual Dashboard for Fostering Awareness in Software Teams},
 booktitle = {Proceedings of the SIGCHI Conference on Human Factors in Computing Systems},
 series = {CHI '07},
 year = {2007},
 isbn = {978-1-59593-593-9},
 location = {San Jose, California, USA},
 pages = {1313--1322},
 numpages = {10},
 url = {http://doi.acm.org/10.1145/1240624.1240823},
 doi = {10.1145/1240624.1240823},
 acmid = {1240823},
 publisher = {ACM},
 address = {New York, NY, USA},
 keywords = {awareness, collaborative programming, field study, large display, visualization},
} 
@inproceedings{break_code,
 author = {de Souza, Cleidson R. B. and Redmiles, David and Dourish, Paul},
 title = {"Breaking the Code", Moving Between Private and Public Work in Collaborative Software Development},
 booktitle = {Proceedings of the 2003 International ACM SIGGROUP Conference on Supporting Group Work},
 series = {GROUP '03},
 year = {2003},
 isbn = {1-58113-693-5},
 location = {Sanibel Island, Florida, USA},
 pages = {105--114},
 numpages = {10},
 publisher = {ACM},
} 
@INPROCEEDINGS{awareness_91, 
author={ {Peiwei Mi} and W. {Scacchi}}, 
booktitle={Proceedings. First International Conference on the Software Process,}, 
title={Modeling Articulation Work in Software Engineering Processes}, 
year={1991}, 
volume={}, 
number={}, 
pages={188-201}, 
}
@InProceedings{awareness_concern,
author="Steinmacher, Igor
and Chaves, Ana Paula
and Gerosa, Marco Aurelio",
editor="Kolfschoten, Gwendolyn
and Herrmann, Thomas
and Lukosch, Stephan",
title="Awareness Support in Global Software Development: A Systematic Review Based on the 3C Collaboration Model",
booktitle="Collaboration and Technology",
year="2010",
publisher="Springer Berlin Heidelberg",
address="Berlin, Heidelberg",
pages="185--201",
}
@inproceedings{Gutwin_awareness,
 author = {Gutwin, Carl and Penner, Reagan and Schneider, Kevin},
 title = {Group Awareness in Distributed Software Development},
 booktitle = {Proceedings of the 2004 ACM Conference on Computer Supported Cooperative Work},
 series = {CSCW '04},
 year = {2004},
 isbn = {1-58113-810-5},
 location = {Chicago, Illinois, USA},
 pages = {72--81},
 numpages = {10},
}
@Inbook{Treude2019,
author="Treude, Christoph
and Filho, Fernando Figueira",
editor="Sadowski, Caitlin
and Zimmermann, Thomas",
title="How Team Awareness Influences Perceptions of Developer Productivity",
bookTitle="Rethinking Productivity in Software Engineering",
year="2019",
publisher="Apress",
address="Berkeley, CA",
pages="169--178",
}
@article{macleod2017codereviewing,
  author = {Laura Macleod and Michaela Greiler and Margaret-Anne Storey
    and Christian Bird and Jacek Czerwonka},
  title={{Code Reviewing in the Trenches: Understanding Challenges,
    Best Practices, and Tool Needs}},
  journal={{IEEE Software}},
  publisher={IEEE Computer Society},
  year={2017}
}
@INPROCEEDINGS{Linux, 
author={Y. {Jiang} and B. {Adams} and D. M. {German}}, 
booktitle={2013 10th Working Conference on Mining Software Repositories (MSR)}, 
title={Will my patch make it? And how fast? Case study on the Linux kernel}, 
year={2013}, 
volume={}, 
number={}, 
pages={101-110}, 
}

@inproceedings{FSE_hirao,
author = {Hirao, Toshiki and McIntosh, Shane and Ihara, Akinori and Matsumoto, Kenichi},
title = {The Review Linkage Graph for Code Review Analytics: A Recovery Approach and Empirical Study},
year = {2019},
booktitle = {Proc. of the International Symposium on the Foundations of Software Engineering (FSE)},
year={2019}
}
@online{link_survey,
    author = "",
    title = "",
    url  = "https://www.surveysystem.com/sscalc.htm",
}

