
% Journals

% First the Full Name is given, then the abbreviation used in the AMS Math
% Reviews, with an indication if it could not be found there.
% Note the 2nd overwrites the 1st, so swap them if you want the full name.

 %{AMS}
 @String{AMSTrans = "American Mathematical Society Translations" }
 @String{AMSTrans = "Amer. Math. Soc. Transl." }
 @String{BullAMS = "Bulletin of the American Mathematical Society" }
 @String{BullAMS = "Bull. Amer. Math. Soc." }
 @String{ProcAMS = "Proceedings of the American Mathematical Society" }
 @String{ProcAMS = "Proc. Amer. Math. Soc." }
 @String{TransAMS = "Transactions of the American Mathematical Society" }
 @String{TransAMS = "Trans. Amer. Math. Soc." }

 %ACM
 @String{CACM = "Communications of the {ACM}" }
 @String{CACM = "Commun. {ACM}" }
 @String{CompServ = "Comput. Surveys" }
 @String{JACM = "J. ACM" }
 @String{ACMMathSoft = "{ACM} Transactions on Mathematical Software" }
 @String{ACMMathSoft = "{ACM} Trans. Math. Software" }
 @String{SIGNUM = "{ACM} {SIGNUM} Newsletter" }
 @String{SIGNUM = "{ACM} {SIGNUM} Newslett." }

 @String{AmerSocio = "American Journal of Sociology" }
 @String{AmerStatAssoc = "Journal of the American Statistical Association" }
 @String{AmerStatAssoc = "J. Amer. Statist. Assoc." }
 @String{ApplMathComp = "Applied Mathematics and Computation" }
 @String{ApplMathComp = "Appl. Math. Comput." }
 @String{AmerMathMonthly = "American Mathematical Monthly" }
 @String{AmerMathMonthly = "Amer. Math. Monthly" }
 @String{BIT = "{BIT}" }
 @String{BritStatPsych = "British Journal of Mathematical and Statistical
          Psychology" }
 @String{BritStatPsych = "Brit. J. Math. Statist. Psych." }
 @String{CanMathBull = "Canadian Mathematical Bulletin" }
 @String{CanMathBull = "Canad. Math. Bull." }
 @String{CompApplMath = "Journal of Computational and Applied Mathematics" }
 @String{CompApplMath = "J. Comput. Appl. Math." }
 @String{CompPhys = "Journal of Computational Physics" }
 @String{CompPhys = "J. Comput. Phys." }
 @String{CompStruct = "Computers and Structures" }
 @String{CompStruct = "Comput. \& Structures" }
 @String{CompJour = "The Computer Journal" }
 @String{CompJour = "Comput. J." }
 @String{CompSysSci = "Journal of Computer and System Sciences" }
 @String{CompSysSci = "J. Comput. System Sci." }
 @String{Computing = "Computing" }
 @String{ContempMath = "Contemporary Mathematics" }
 @String{ContempMath = "Contemp. Math." }
 @String{Crelle = "Crelle's Journal" }
 @String{GiornaleMath = "Giornale di Mathematiche" }
 @String{GiornaleMath = "Giorn. Mat." } % didn't find in AMS MR., ibid.

 %IEEE
 @String{Computer = "{IEEE} Computer" }
 @String{IEEETransComp = "{IEEE} Transactions on Computers" }
 @String{IEEETransComp = "{IEEE} Trans. Comput." }
 @String{IEEETransAC = "{IEEE} Transactions on Automatic Control" }
 @String{IEEETransAC = "{IEEE} Trans. Automat. Control" }
 @String{IEEESpec = "{IEEE} Spectrum" } % didn't find in AMS MR
 @String{ProcIEEE = "Proceedings of the {IEEE}" }
 @String{ProcIEEE = "Proc. {IEEE}" } % didn't find in AMS MR
 @String{IEEETransAeroElec = "{IEEE} Transactions on Aerospace and Electronic
     Systems" }
 @String{IEEETransAeroElec = "{IEEE} Trans. Aerospace Electron. Systems" }

 @String{IMANumerAna = "{IMA} Journal of Numerical Analysis" }
 @String{IMANumerAna = "{IMA} J. Numer. Anal." }
 @String{InfProcLet = "Information Processing Letters" }
 @String{InfProcLet = "Inform. Process. Lett." }
 @String{InstMathApp = "Journal of the Institute of Mathematics and
     its Applications" }
 @String{InstMathApp = "J. Inst. Math. Appl." }
 @String{IntControl = "International Journal of Control" }
 @String{IntControl = "Internat. J. Control" }
 @String{IntNumerEng = "International Journal for Numerical Methods in
     Engineering" }
 @String{IntNumerEng = "Internat. J. Numer. Methods Engrg." }
 @String{IntSuper = "International Journal of Supercomputing Applications" }
 @String{IntSuper = "Internat. J. Supercomputing Applic." } % didn't find
%% in AMS MR
 @String{Kibernetika = "Kibernetika" }
 @String{JResNatBurStand = "Journal of Research of the National Bureau
     of Standards" }
 @String{JResNatBurStand = "J. Res. Nat. Bur. Standards" }
 @String{LinAlgApp = "Linear Algebra and its Applications" }
 @String{LinAlgApp = "Linear Algebra Appl." }
 @String{MathAnaAppl = "Journal of Mathematical Analysis and Applications" }
 @String{MathAnaAppl = "J. Math. Anal. Appl." }
 @String{MathAnnalen = "Mathematische Annalen" }
 @String{MathAnnalen = "Math. Ann." }
 @String{MathPhys = "Journal of Mathematical Physics" }
 @String{MathPhys = "J. Math. Phys." }
 @String{MathComp = "Mathematics of Computation" }
 @String{MathComp = "Math. Comp." }
 @String{MathScand = "Mathematica Scandinavica" }
 @String{MathScand = "Math. Scand." }
 @String{TablesAidsComp = "Mathematical Tables and Other Aids to Computation" }
 @String{TablesAidsComp = "Math. Tables Aids Comput." }
 @String{NumerMath = "Numerische Mathematik" }
 @String{NumerMath = "Numer. Math." }
 @String{PacificMath = "Pacific Journal of Mathematics" }
 @String{PacificMath = "Pacific J. Math." }
 @String{ParDistComp = "Journal of Parallel and Distributed Computing" }
 @String{ParDistComp = "J. Parallel and Distrib. Comput." } % didn't find
%% in AMS MR
 @String{ParComputing = "Parallel Computing" }
 @String{ParComputing = "Parallel Comput." }
 @String{PhilMag = "Philosophical Magazine" }
 @String{PhilMag = "Philos. Mag." }
 @String{ProcNAS = "Proceedings of the National Academy of Sciences
                    of the USA" }
 @String{ProcNAS = "Proc. Nat. Acad. Sci. U. S. A." }
 @String{Psychometrika = "Psychometrika" }
 @String{QuartMath = "Quarterly Journal of Mathematics, Oxford, Series (2)" }
 @String{QuartMath = "Quart. J. Math. Oxford Ser. (2)" }
 @String{QuartApplMath = "Quarterly of Applied Mathematics" }
 @String{QuartApplMath = "Quart. Appl. Math." }
 @String{RevueInstStat = "Review of the International Statisical Institute" }
 @String{RevueInstStat = "Rev. Inst. Internat. Statist." }

 %SIAM
 @String{JSIAM = "Journal of the Society for Industrial and Applied
     Mathematics" }
 @String{JSIAM = "J. Soc. Indust. Appl. Math." }
 @String{JSIAMB = "Journal of the Society for Industrial and Applied
     Mathematics, Series B, Numerical Analysis" }
 @String{JSIAMB = "J. Soc. Indust. Appl. Math. Ser. B Numer. Anal." }
 @String{SIAMAlgMeth = "{SIAM} Journal on Algebraic and Discrete Methods" }
 @String{SIAMAlgMeth = "{SIAM} J. Algebraic Discrete Methods" }
 @String{SIAMAppMath = "{SIAM} Journal on Applied Mathematics" }
 @String{SIAMAppMath = "{SIAM} J. Appl. Math." }
 @String{SIAMComp = "{SIAM} Journal on Computing" }
 @String{SIAMComp = "{SIAM} J. Comput." }
 @String{SIAMMatrix = "{SIAM} Journal on Matrix Analysis and Applications" }
 @String{SIAMMatrix = "{SIAM} J. Matrix Anal. Appl." }
 @String{SIAMNumAnal = "{SIAM} Journal on Numerical Analysis" }
 @String{SIAMNumAnal = "{SIAM} J. Numer. Anal." }
 @String{SIAMReview = "{SIAM} Review" }
 @String{SIAMReview = "{SIAM} Rev." }
 @String{SIAMSciStat = "{SIAM} Journal on Scientific and Statistical
     Computing" }
 @String{SIAMSciStat = "{SIAM} J. Sci. Statist. Comput." }

 @String{SoftPracExp = "Software Practice and Experience" }
 @String{SoftPracExp = "Software Prac. Experience" } % didn't find in AMS MR
 @String{StatScience = "Statistical Science" }
 @String{StatScience = "Statist. Sci." }
 @String{Techno = "Technometrics" }
 @String{USSRCompMathPhys = "{USSR} Computational Mathematics and Mathematical
     Physics" }
 @String{USSRCompMathPhys = "{U. S. S. R.} Comput. Math. and Math. Phys." }
 @String{VLSICompSys = "Journal of {VLSI} and Computer Systems" }
 @String{VLSICompSys = "J. {VLSI} Comput. Syst." }
 @String{ZAngewMathMech = "Zeitschrift fur Angewandte Mathematik und
     Mechanik" }
 @String{ZAngewMathMech = "Z. Angew. Math. Mech." }
 @String{ZAngewMathPhys = "Zeitschrift fur Angewandte Mathematik und Physik" }
 @String{ZAngewMathPhys = "Z. Angew. Math. Phys." }

% Publishers % ================================================= |

 @String{Academic = "Academic Press" }
 @String{ACMPress = "{ACM} Press" }
 @String{AdamHilger = "Adam Hilger" }
 @String{AddisonWesley = "Addison-Wesley" }
 @String{AllynBacon = "Allyn and Bacon" }
 @String{AMS = "American Mathematical Society" }
 @String{Birkhauser = "Birkha{\"u}ser" }
 @String{CambridgePress = "Cambridge University Press" }
 @String{Chelsea = "Chelsea" }
 @String{ClaredonPress = "Claredon Press" }
 @String{DoverPub = "Dover Publications" }
 @String{Eyolles = "Eyolles" }
 @String{HoltRinehartWinston = "Holt, Rinehart and Winston" }
 @String{Interscience = "Interscience" }
 @String{JohnsHopkinsPress = "The Johns Hopkins University Press" }
 @String{JohnWileySons = "John Wiley and Sons" }
 @String{Macmillan = "Macmillan" }
 @String{MathWorks = "The Math Works Inc." }
 @String{McGrawHill = "McGraw-Hill" }
 @String{NatBurStd = "National Bureau of Standards" }
 @String{NorthHolland = "North-Holland" }
 @String{OxfordPress = "Oxford University Press" }  %address Oxford or London?
 @String{PergamonPress = "Pergamon Press" }
 @String{PlenumPress = "Plenum Press" }
 @String{PrenticeHall = "Prentice-Hall" }
 @String{SIAMPub = "{SIAM} Publications" }
 @String{Springer = "Springer-Verlag" }
 @String{TexasPress = "University of Texas Press" }
 @String{VanNostrand = "Van Nostrand" }
 @String{WHFreeman = "W. H. Freeman and Co." }

@article{wu2021analysis,
  title={Analysis of cryptocurrency transactions from a network perspective: An overview},
  author={Wu, Jiajing and Liu, Jieli and Zhao, Yijing and Zheng, Zibin},
  journal={Network and Computer Applications},
  volume = {190},
  pages={103139},
  year={2021},
  publisher={Elsevier}
}

@inproceedings{zhao2015graph,
  title={A graph-based investigation of Bitcoin transactions},
  author={Zhao, Chen and Guan, Yong},
  booktitle={Proceedings of IFIP International Conference on Digital Forensics},
  publisher="Springer International Publishing",
  pages={79--95},
  address={Orlando, FL, USA},
  year={2015}
}

@inproceedings{phetsouvanh2018egret,
  title={Egret: Extortion graph exploration techniques in the Bitcoin network},
  author={Phetsouvanh, Silivanxay and Oggier, Fr{\'e}d{\'e}rique and Datta, Anwitaman},
  booktitle={Proceedings of IEEE International Conference on Data Mining Workshops},
  publisher={{IEEE}},
  pages={244--251},
  address={Singapore},
  year={2018}
}

@article{xu2004fighting,
  title={Fighting organized crimes: Using shortest-path algorithms to identify associations in criminal networks},
  author={Xu, Jennifer J and Chen, Hsinchun},
  journal={Decision Support Systems},
  pages={473--487},
  year={2004},
  publisher={Elsevier}
}

@inproceedings{abiteboul2003adaptive,
  title={Adaptive on-line page importance computation},
  author={Abiteboul, Serge and Preda, Mihai and Cobena, Gregory},
  booktitle={Proceedings of the 12th International Conference on World Wide Web},
  pages={280--290},
  year={2003},
  address={Budapest, Hungary},
  publisher={{ACM}}
}

@article{oggier2020ego,
  title={An ego network analysis of sextortionists},
  author={Oggier, Fr{\'e}d{\'e}rique and Datta, Anwitaman and Phetsouvanh, Silivanxay},
  journal={Social Network Analysis and Mining},
  volume={10},
  number={1},
  pages={44},
  year={2020},
  publisher={Springer}
}

@inproceedings{moser2014towards,
  title={Towards risk scoring of Bitcoin transactions},
  author={M{\"o}ser, Malte and B{\"o}hme, Rainer and Breuker, Dominic},
  booktitle={Proceedings of the International Conference on Financial Cryptography and Data Security},
  publisher={Springer},
  pages={16--32},
  year={2014},
  address={Barbados},
}

@article{tironsakkul2019probing,
  title={Probing the mystery of cryptocurrency theft: An investigation into methods for cryptocurrency tainting analysis},
  author={Tironsakkul, Tin and Maarek, Manuel and Eross, Andrea and Just, Mike},
  journal   = {arXiv preprint arXiv:1906.05754},
  year      = {2019}
}

@inproceedings{andersen2006local,
  title={Local graph partitioning using pagerank vectors},
  author={Andersen, Reid and Chung, Fan and Lang, Kevin},
  booktitle={Proceedings of the IEEE Symposium on Foundations of Computer Science},
  pages={475--486},
  year={2006},
  publisher={{IEEE} Computer Society},
  address={Berkeley, California, USA}
}

@inproceedings{andersen2007local,
  title={Local partitioning for directed graphs using PageRank},
  author={Andersen, Reid and Chung, Fan and Lang, Kevin},
  booktitle={Proceedings of the International Workshop on Algorithms and Models for the Web-Graph},
  pages={166--178},
  year={2007},
  publisher={Springer},
  address={San Diego, CA, USA}
}

@inproceedings{yin2017local,
  title={Local higher-order graph clustering},
  author={Yin, Hao and Benson, Austin R and Leskovec, Jure and Gleich, David F},
  booktitle={Proceedings of the 23rd ACM SIGKDD International Conference on Knowledge Discovery and Data Mining},
  pages={555--564},
  year={2017},
  publisher={{ACM}},
  address={Halifax, NS, Canada}
}

@inproceedings{zhang2016approximate,
  title={Approximate personalized pagerank on dynamic graphs},
  author={Zhang, Hongyang and Lofgren, Peter and Goel, Ashish},
  booktitle={Proceedings of the 22nd ACM SIGKDD International Conference on Knowledge Discovery and Data Mining},
  pages={1315--1324},
  year={2016},
  publisher={{ACM}},
  address={San Francisco, CA, USA}
}

@inproceedings{ma2018graphrad,
  title={GraphRAD: A graph-based risky account detection system},
  author={Ma, Jun and Zhang, Danqing and Wang, Yun and Zhang, Yan and Pozdnoukhov, Alexey},
  booktitle={Proceedings of the International Workshop on Mining and Learning with Graphs},
  pages={9},
  year={2018},
  publisher={{ACM}},
  address={London, United Kingdom}
}

% 缺失pages
@inproceedings{klicpera2018predict,
  title={Predict then propagate: Graph neural networks meet personalized pagerank},
  author={Klicpera, Johannes and Bojchevski, Aleksandar and G{\"u}nnemann, Stephan},
  booktitle={Proceedings of International Conference on Learning Representations},
  pages={},
  year={2019},
  publisher={OpenReview.net},
  address={New Orleans, LA, USA}
}

@inproceedings{bojchevski2020scaling,
  title={Scaling graph neural networks with approximate pagerank},
  author={Bojchevski, Aleksandar and Klicpera, Johannes and Perozzi, Bryan and Kapoor, Amol and Blais, Martin and R{\'o}zemberczki, Benedek and Lukasik, Michal and G{\"u}nnemann, Stephan},
  booktitle={Proceedings of the 26th ACM SIGKDD International Conference on Knowledge Discovery \& Data Mining},
  pages={2464--2473},
  year={2020},
  publisher={{ACM}},
  address={CA, USA}
}

@article{lin2020modeling,
  title={Modeling and understanding Ethereum transaction records via a complex network approach},
  author={Lin, Dan and Wu, Jiajing and Yuan, Qi and Zheng, Zibin},
  journal={IEEE Transactions on Circuits and Systems II: Express Briefs},
  volume={67},
  number={11},
  pages={2737--2741},
  year={2020},
  publisher={IEEE}
}

@article{haveliwala2003topic,
  title={Topic-sensitive pagerank: A context-sensitive ranking algorithm for web search},
  author={Haveliwala, Taher H},
  journal={IEEE transactions on knowledge and data engineering},
  pages={784--796},
  year={2003},
  publisher={IEEE}
}

@misc{nakamoto2008bitcoin,
  title={Bitcoin: {A} peer-to-peer electronic cash system},
  author={Nakamoto, Satoshi},
  howpublished ={\url{https://bitcoin.org/bitcoin.pdf}},
  year={2008}
}

@misc{chainalysis2022crime,
  author={Chainalysis},
  title={Crypto Crime Trends for 2022: Illicit Transaction Activity Reaches All-Time High in Value, All-Time Low in Share of All Cryptocurrency Activity},
  howpublished={\url{https://blog.chainalysis.com/reports/2022-crypto-crime-report-introduction/}},
  year={2022}
}

@misc{coinholmes,
    author={Peckshield},
    title={CoinHolmes},
    howpublished={\url{https://trace.coinholmes.com/}},
    year={2021}
}

@misc{chainanalysis2016,
    author={Chainalysis},
    title={The rise of cybercrime on Ethereum},
    howpublished={\url{https://blog.chainalysis.com/reports/the-rise-of-cybercrime-on-ethereum}},
    year={2017}
}

@misc{chainanalysis2019,
    author={Chainalysis},
    title={The Chainalysis crypto crime report is here. Download to learn why 2019 was the year of the Ponzi scheme},
    howpublished={\url{https://blog.chainalysis.com/reports/cryptocurrency-crime-2020-report}},
    year={2020}
}

@article{van2017gotcha,
  title={Gotcha! Network-based fraud detection for social security fraud},
  author={Van Vlasselaer, V{\'e}ronique and Eliassi-Rad, Tina and Akoglu, Leman and Snoeck, Monique and Baesens, Bart},
  journal={Management Science},
  pages={3090--3110},
  year={2017},
  publisher={INFORMS}
}

@inproceedings{zhao2021temporal,
  title={Temporal analysis of the entire Ethereum blockchain network},
  author={Zhao, Lin and Sen Gupta, Sourav and Khan, Arijit and Luo, Robby},
  booktitle={Proceedings of the Web Conference},
  publisher={Association for Computing Machinery},
  pages={2258--2269},
  year={2021},
  address={New York, NY, USA}
}

@techreport{wood2014ethereum,
  title={Ethereum: A secure decentralised generalised transaction ledger},
  author={Wood, Gavin and others},
  year={2014},
  institution={ETHCore}
}

@techreport{ilprints422,
  author = {Lawrence Page and Sergey Brin and Rajeev Motwani and Terry Winograd},
  title = {The PageRank citation ranking: Bringing order to the web.},
  year = {1999},
  institution={Stanford InfoLab}
}
% techreport{ilprints422,
%           number = {1999-66},
%           month = {November},
%           author = {Lawrence Page and Sergey Brin and Rajeev Motwani and Terry Winograd},
%           title = {The PageRank Citation Ranking: Bringing Order to the Web.},
%             type = {Technical Report},
%       publisher = {Stanford InfoLab},
%             year = {1999},
%             url = {http://ilpubs.stanford.edu:8090/422/},
% }

@misc{binancesmartchain,
    author={Binance},
    title={Binance chain documentation},
    howpublished={\url{https://docs.binance.org/}},
    year={2020}
}

@techreport{noether2014monero,
  title={Monero is not that mysterious},
  author={Noether, Shen and Noether, Sarang},
  year={2014},
  institution={Monero Research Lab}
}

@article{9332279,
  author={Wu, Jiajing and Liu, Jieli and Chen, Weili and Huang, Huawei and Zheng, Zibin and Zhang, Yan},  
  journal={IEEE Transactions on Systems, Man, and Cybernetics: Systems},
  title={Detecting mixing services via mining {B}itcoin transaction network with hybrid motifs},   
  year={2021},  
  publisher={IEEE},
  note="to be published, doi: \href{http://dx.doi.org/10.1109/TSMC.2021.3049278}{10.1109/TSMC.2021.3049278}"
}

@inproceedings{yousaf2019tracing,
  title={Tracing transactions across cryptocurrency ledgers},
  author={Yousaf, Haaroon and Kappos, George and Meiklejohn, Sarah},
  booktitle={Proceedings of the 2019 {USENIX} Security Symposium},
  publisher={{USENIX} Association},
  pages={837--850},
  year={2019},
  address={Santa Clara, CA, USA}
}

@inproceedings{wulei2021www,
    author = {Wu, Lei and Hu, Yufeng and Zhou, Yajin and Wang, Haoyu and Luo, Xiapu and Wang, Zhi and Zhang, Fan and Ren, Kui},
    title = {Towards understanding and demystifying {B}itcoin mixing services},
    year = {2021},
    publisher = {Association for Computing Machinery},
    address = {New York, NY, USA},
    booktitle = {Proceedings of the Web Conference 2021},
    pages = {33–44},
}

@inproceedings{di2015bitconeview,
  title={Bitconeview: Visualization of flows in the Bitcoin transaction graph},
  author={Di Battista, Giuseppe and Di Donato, Valentino and Patrignani, Maurizio and Pizzonia, Maurizio and Roselli, Vincenzo and Tamassia, Roberto},
  booktitle={Proceedings of 2015 IEEE Symposium on Visualization for Cyber Security},
  pages={1--8},
  year={2015},
  address={Chicago, IL, USA},
  publisher={{IEEE} Computer Society}
}

@misc{tornadocashdoc,
  author={ayefda},
  title={Introduction of Tornado.Cash},
  howpublished={\url{https://docs.tornado.cash/}},
  year={2021}
}

@inproceedings{bastian2009gephi,
  title={Gephi: {A}n open source software for exploring and manipulating networks},
  author={Bastian, Mathieu and Heymann, Sebastien and Jacomy, Mathieu},
  booktitle={Proceedings of the Third International Conference on Weblogs and Social Media},
  publisher={{AAAI} Press},
  pages={361-362},
  year={2009},
  address={San Jose, California, USA}
}

@article{beres2020blockchain,
  title={Blockchain is watching you: {P}rofiling and deanonymizing {E}thereum users},
  author={B{\'e}res, Ferenc and Seres, Istv{\'a}n Andr{\'a}s and Bencz{\'u}r, Andr{\'a}s A and Quintyne-Collins, Mikerah},
  journal={arXiv preprint arXiv:2005.14051},
  year={2020},
}


%%%%%%%%%%%%%%%%%%%%%%%%%%%%%%%%%%%%%%%%%%%%%%%%%新加
@article{zheng2018blockchain,
  title={{B}lockchain challenges and opportunities: {A} survey},
  author={Zheng, Zibin and Xie, Shaoan and Dai, Hong-Ning and Chen, Xiangping and Wang, Huaimin},
  journal={International Journal of Web and Grid Services},
  volume={14},
  number={4},
  pages={352--375},
  year={2018},
  publisher={Inderscience Publishers (IEL)}
}

@ARTICLE{WhoAreThePhisher,
  author={Wu, Jiajing and Yuan, Qi and Lin, Dan and You, Wei and Chen, Weili and Chen, Chuan and Zheng, Zibin},
  journal={IEEE Transactions on Systems, Man, and Cybernetics: Systems}, 
  title={Who Are the Phishers? Phishing Scam Detection on Ethereum via Network Embedding}, 
  year={2022},
  volume={52},
  number={2},
  pages={1156-1166},
  publisher={IEEE}
}

@article{wu2021defiranger,
  title={DeFiRanger: Detecting Price Manipulation Attacks on DeFi Applications},
  author={Wu, Siwei and Wang, Dabao and He, Jianting and Zhou, Yajin and Wu, Lei and Yuan, Xingliang and He, Qinming and Ren, Kui},
  journal={arXiv preprint arXiv:2104.15068},
  year={2021}
}

@article{weber2019anti,
  title={Anti-money laundering in bitcoin: Experimenting with graph convolutional networks for financial forensics},
  author={Weber, Mark and Domeniconi, Giacomo and Chen, Jie and Weidele, Daniel Karl I and Bellei, Claudio and Robinson, Tom and Leiserson, Charles E},
  journal={arXiv preprint arXiv:1908.02591},
  year={2019}
}

@techreport{page1999pagerank,
  title={The PageRank citation ranking: Bringing order to the web},
  author={Page, Lawrence and Brin, Sergey and Motwani, Rajeev and Winograd, Terry},
  year={1999},
  institution={Stanford InfoLab}
}

@Inbook{Reid2013,
  author={Reid, Fergal and Harrigan, Martin},
  editor={Altshuler, Yaniv and Elovici, Yuval and Cremers, Armin B. and Aharony, Nadav and Pentland, Alex},
  title={{A}n analysis of anonymity in the {B}itcoin system},
  bookTitle={Security and Privacy in Social Networks},
  year={2013},
  publisher={Springer},
  pages={197--223},
}

@inproceedings{meiklejohn2013fistful,
  title={{A} fistful of {B}itcoins: {C}haracterizing payments among men with no names},
  author={Meiklejohn, Sarah and Pomarole, Marjori and Jordan, Grant and Levchenko, Kirill and McCoy, Damon and Voelker, Geoffrey M and Savage, Stefan},
  booktitle={Proceedings of the 2013 conference on Internet measurement conference},
  address = {Barcelona, Spain},
  pages={127--140},
  year={2013},
  publisher={{ACM} press}
}

@inproceedings{HuangTracking2018,
  author    = {Danny Yuxing Huang and
               Maxwell Matthaios Aliapoulios and
               Vector Guo Li and
               Luca Invernizzi and
               Elie Bursztein and
               Kylie McRoberts and
               Jonathan Levin and
               Kirill Levchenko and
               Alex C. Snoeren and
               Damon McCoy},
  title     = {Tracking Ransomware End-to-end},
  booktitle = {Proceedings of the 2018 {IEEE} Symposium on Security and Privacy},
  pages     = {618--631},
  publisher = {{IEEE} Computer Society},
  year      = {2018},
  address={San Francisco, California, USA}
}

@inproceedings{WTFGupta2013,
author = {Gupta, Pankaj and Goel, Ashish and Lin, Jimmy and Sharma, Aneesh and Wang, Dong and Zadeh, Reza},
title = {{WTF}: {T}he Who to Follow Service at {T}witter},
year = {2013},
publisher = {Association for Computing Machinery},
booktitle = {Proceedings of the 22nd International Conference on World Wide Web},
pages = {505–514},
address = {Rio de Janeiro, Brazil},
}