@incollection{Bengio+chapter2007,
author = {Bengio, Yoshua and LeCun, Yann},
booktitle = {Large Scale Kernel Machines},
publisher = {MIT Press},
title = {Scaling Learning Algorithms Towards {AI}},
year = {2007}
}

@article{Hinton06,
author = {Hinton, Geoffrey E. and Osindero, Simon and Teh, Yee Whye},
journal = {Neural Computation},
pages = {1527--1554},
title = {A Fast Learning Algorithm for Deep Belief Nets},
volume = {18},
year = {2006}
}

@book{goodfellow2016deep,
title={Deep learning},
author={Goodfellow, Ian and Bengio, Yoshua and Courville, Aaron and Bengio, Yoshua},
volume={1},
year={2016},
publisher={MIT Press}
}

% classification tasks and sets
@article{effectivenessData,
    author = {Halevy, Alon and Norvig, Peter and Pereira, Fernando},
    year = {2009},
    month = {05},
    pages = {8 - 12},
    title = {The Unreasonable Effectiveness of Data},
    volume = {24},
    journal = {Intelligent Systems, IEEE},
    doi = {10.1109/MIS.2009.36}
}

@inproceedings{elhoseiny2013write,
  title={Write a classifier: Zero-shot learning using purely textual descriptions},
  author={Elhoseiny, Mohamed and Saleh, Babak and Elgammal, Ahmed},
  booktitle={Proceedings of the IEEE International Conference on Computer Vision},
  pages={2584--2591},
  year={2013}
}

@article{lampert2013attribute,
  title={Attribute-based classification for zero-shot visual object categorization},
  author={Lampert, Christoph H and Nickisch, Hannes and Harmeling, Stefan},
  journal={IEEE transactions on pattern analysis and machine intelligence},
  volume={36},
  number={3},
  pages={453--465},
  year={2013},
  publisher={IEEE}
}


@article{revisitEffectivenessData,
  author    = {Chen Sun and
               Abhinav Shrivastava and
               Saurabh Singh and
               Abhinav Gupta},
  title     = {Revisiting Unreasonable Effectiveness of Data in Deep Learning Era},
  journal   = {CoRR},
  volume    = {abs/1707.02968},
  year      = {2017},
  url       = {http://arxiv.org/abs/1707.02968},
  archivePrefix = {arXiv},
  eprint    = {1707.02968},
  timestamp = {Fri, 05 Apr 2019 07:29:46 +0200},
  biburl    = {https://dblp.org/rec/bib/journals/corr/SunSSG17},
  bibsource = {dblp computer science bibliography, https://dblp.org}
}

@article{Russakovsky2015ImageNetLS,
  title={ImageNet Large Scale Visual Recognition Challenge},
  author={Olga Russakovsky and J. Deng and H. Su and J. Krause and S. Satheesh and S. Ma and Zhiheng Huang and A. Karpathy and A. Khosla and M. Bernstein and A. Berg and Li Fei-Fei},
  journal={International Journal of Computer Vision},
  year={2015},
  volume={115},
  pages={211-252}
}

@article{Ren2015FasterRT,
  title={Faster R-CNN: Towards Real-Time Object Detection with Region Proposal Networks},
  author={Shaoqing Ren and Kaiming He and Ross B. Girshick and J. Sun},
  journal={IEEE Transactions on Pattern Analysis and Machine Intelligence},
  year={2015},
  volume={39},
  pages={1137-1149}
}

% % % % % % % % % % % % %

@INPROCEEDINGS{5206772,
  author={Farhadi, Ali and Endres, Ian and Hoiem, Derek and Forsyth, David},
  booktitle={2009 IEEE Conference on Computer Vision and Pattern Recognition}, 
  title={Describing objects by their attributes}, 
  year={2009},
  volume={},
  number={},
  pages={1778-1785},
  doi={10.1109/CVPR.2009.5206772}}

@article{Chao2016AnES,
  title={An Empirical Study and Analysis of Generalized Zero-Shot Learning for Object Recognition in the Wild},
  author={Wei-Lun Chao and Soravit Changpinyo and Boqing Gong and Fei Sha},
  journal={ArXiv},
  year={2016},
  volume={abs/1605.04253}
}

@article{Pourpanah2020ARO,
  title={A Review of Generalized Zero-Shot Learning Methods},
  author={Farhad Pourpanah and Moloud Abdar and Yuxuan Luo and Xinlei Zhou and Ran Wang and Chee Peng Lim and Xizhao Wang},
  journal={ArXiv},
  year={2020},
  volume={abs/2011.08641}
}

% % % % % % % % % % % % % %   
  
@inproceedings{GANs,
  title={Generative Adversarial Nets},
  author={Ian J. Goodfellow and Jean Pouget-Abadie and Mehdi Mirza and Bing Xu and David Warde-Farley and Sherjil Ozair and Aaron C. Courville and Yoshua Bengio},
  booktitle={NIPS},
  year={2014}
}

@article{VAEs,
  title={Auto-Encoding Variational Bayes},
  author={Diederik P. Kingma and Max Welling},
  journal={CoRR},
  year={2014},
  volume={abs/1312.6114}
}

@article{Bengio2013RepresentationLearning,
  title={Representation Learning: A Review and New Perspectives},
  author={Yoshua Bengio and Aaron C. Courville and Pascal Vincent},
  journal={IEEE Transactions on Pattern Analysis and Machine Intelligence},
  year={2013},
  volume={35},
  pages={1798-1828}
}

% embedding GZSL 
@inproceedings{DeViSE,
  title={DeViSE: A Deep Visual-Semantic Embedding Model},
  author={Andrea Frome and Gregory S. Corrado and Jonathon Shlens and Samy Bengio and Jeffrey Dean and Marc'Aurelio Ranzato and Tomas Mikolov},
  booktitle={NIPS},
  year={2013}
}

@inproceedings{ESZSL,
  title={An embarrassingly simple approach to zero-shot learning},
  author={Bernardino Romera-Paredes and Philip H. S. Torr},
  booktitle={ICML},
  year={2015}
}

@article{ALE,
  title={Label-Embedding for Image Classification},
  author={Zeynep Akata and Florent Perronnin and Za{\"i}d Harchaoui and Cordelia Schmid},
  journal={IEEE Transactions on Pattern Analysis and Machine Intelligence},
  year={2016},
  volume={38},
  pages={1425-1438}
}

@article{Akata2015EvaluationOO,
  title={Evaluation of output embeddings for fine-grained image classification},
  author={Zeynep Akata and Scott E. Reed and Daniel Walter and Honglak Lee and Bernt Schiele},
  journal={2015 IEEE Conference on Computer Vision and Pattern Recognition (CVPR)},
  year={2015},
  pages={2927-2936}
}

@inproceedings{Norouzi2014ZeroShotLB,
  title={Zero-Shot Learning by Convex Combination of Semantic Embeddings},
  author={Mohammad Norouzi and Tomas Mikolov and Samy Bengio and Yoram Singer and Jonathon Shlens and Andrea Frome and Gregory S. Corrado and Jeffrey Dean},
  booktitle={ICLR},
  year={2014}
}

@article{Zhang2016LearningJF,
  title={Learning Joint Feature Adaptation for Zero-Shot Recognition},
  author={Ziming Zhang and Venkatesh Saligrama},
  journal={ArXiv},
  year={2016},
  volume={abs/1611.07593}
}

@article{Changpinyo2016SynthesizedCF,
  title={Synthesized Classifiers for Zero-Shot Learning},
  author={Soravit Changpinyo and Wei-Lun Chao and Boqing Gong and Fei Sha},
  journal={2016 IEEE Conference on Computer Vision and Pattern Recognition (CVPR)},
  year={2016},
  pages={5327-5336}
}

@article{Kodirov2017SemanticAF,
  title={Semantic Autoencoder for Zero-Shot Learning},
  author={Elyor Kodirov and Tao Xiang and Shaogang Gong},
  journal={2017 IEEE Conference on Computer Vision and Pattern Recognition (CVPR)},
  year={2017},
  pages={4447-4456}
}

@article{Xian2016LatentEF,
  title={Latent Embeddings for Zero-Shot Classification},
  author={Yongqin Xian and Zeynep Akata and Gaurav Sharma and Quynh N. Nguyen and Matthias Hein and Bernt Schiele},
  journal={2016 IEEE Conference on Computer Vision and Pattern Recognition (CVPR)},
  year={2016},
  pages={69-77}
}

@inproceedings{Liu2018GeneralizedZL,
  title={Generalized Zero-Shot Learning with Deep Calibration Network},
  author={Shichen Liu and Mingsheng Long and Jianmin Wang and Michael I. Jordan},
  booktitle={NeurIPS},
  year={2018}
}

@article{Atzmon2019AdaptiveCS,
  title={Adaptive Confidence Smoothing for Generalized Zero-Shot Learning},
  author={Yuval Atzmon and Gal Chechik},
  journal={2019 IEEE/CVF Conference on Computer Vision and Pattern Recognition (CVPR)},
  year={2019},
  pages={11663-11672}
}

% generative GZSL 
@article{Bucher2017GeneratingVR,
  title={Generating Visual Representations for Zero-Shot Classification},
  author={Max Bucher and St{\'e}phane Herbin and Fr{\'e}d{\'e}ric Jurie},
  journal={2017 IEEE International Conference on Computer Vision Workshops (ICCVW)},
  year={2017},
  pages={2666-2673}
}

@article{tfvaegan,
  title={Latent Embedding Feedback and Discriminative Features for Zero-Shot Classification},
  author={Sanath Narayan and Akshita Gupta and Fahad Shahbaz Khan and Cees G. M. Snoek and Ling Shao},
  journal={ArXiv},
  year={2020},
  volume={abs/2003.07833}
}

@article{CADA_VAE,
  title={Generalized Zero- and Few-Shot Learning via Aligned Variational Autoencoders},
  author={Edgar Sch{\"o}nfeld and Sayna Ebrahimi and Samarth Sinha and Trevor Darrell and Zeynep Akata},
  journal={2019 IEEE/CVF Conference on Computer Vision and Pattern Recognition (CVPR)},
  year={2019},
  pages={8239-8247}
}

@article{CE,
  title={Contrastive Embedding for Generalized Zero-Shot Learning},
  author={Zongyan Han and Zhenyong Fu and Shuo Chen and Jian Yang},
  journal={2021 IEEE/CVF Conference on Computer Vision and Pattern Recognition (CVPR)},
  year={2021},
  pages={2371-2381}
}

% disentanglement GZSL
@article{Chen2021FREE,
  title={FREE: Feature Refinement for Generalized Zero-Shot Learning},
  author={Shiming Chen and Wenjie Wang and Beihao Xia and Qinmu Peng and Xinge You and Feng Zheng and Ling Shao},
  journal={2021 IEEE/CVF International Conference on Computer Vision (ICCV)},
  year={2021},
  pages={122-131}
}

@article{SDGZSL,
  title={Semantics Disentangling for Generalized Zero-Shot Learning},
  author={Zhi Chen and Yadan Luo and Ruihong Qiu and Sen Wang and Zi-Yu Huang and Jingjing Li and Zheng Zhang},
  journal={2021 IEEE/CVF International Conference on Computer Vision (ICCV)},
  year={2021},
  pages={8692-8700}
}

@article{Tong2019HierarchicalDO,
  title={Hierarchical Disentanglement of Discriminative Latent Features for Zero-Shot Learning},
  author={Bin Tong and Chao Wang and Martin Klinkigt and Yoshiyuki Kobayashi and Yuuichi Nonaka},
  journal={2019 IEEE/CVF Conference on Computer Vision and Pattern Recognition (CVPR)},
  year={2019},
  pages={11459-11468}
}

%datasets

@inproceedings{CUB,
  title={The Caltech-UCSD Birds-200-2011 Dataset},
  author={Catherine Wah and Steve Branson and Peter Welinder and Pietro Perona and Serge J. Belongie},
  year={2011}
}

@article{SUN,
  title={SUN attribute database: Discovering, annotating, and recognizing scene attributes},
  author={Genevieve Patterson and James Hays},
  journal={2012 IEEE Conference on Computer Vision and Pattern Recognition},
  year={2012},
  pages={2751-2758}
}

@article{AWA2,
  title={Zero-Shot Learning—A Comprehensive Evaluation of the Good, the Bad and the Ugly},
  author={Yongqin Xian and Christoph H. Lampert and Bernt Schiele and Zeynep Akata},
  journal={IEEE Transactions on Pattern Analysis and Machine Intelligence},
  year={2019},
  volume={41},
  pages={2251-2265}
}

@article{LAION400M,
  title={LAION-400M: Open Dataset of CLIP-Filtered 400 Million Image-Text Pairs},
  author={Christoph Schuhmann and Richard Vencu and Romain Beaumont and Robert Kaczmarczyk and Clayton Mullis and Aarush Katta and Theo Coombes and Jenia Jitsev and Aran Komatsuzaki},
  journal={ArXiv},
  year={2021},
  volume={abs/2111.02114}
}

@inproceedings{Imagenet,
  title={ImageNet: A large-scale hierarchical image database},
  author={Jia Deng and Wei Dong and Richard Socher and Li-Jia Li and K. Li and Li Fei-Fei},
  booktitle={CVPR},
  year={2009}
}

% architectures
@article{RNs,
  title={Deep Residual Learning for Image Recognition},
  author={Kaiming He and X. Zhang and Shaoqing Ren and Jian Sun},
  journal={2016 IEEE Conference on Computer Vision and Pattern Recognition (CVPR)},
  year={2016},
  pages={770-778}
}

@article{ViT,
  title={An Image is Worth 16x16 Words: Transformers for Image Recognition at Scale},
  author={Alexey Dosovitskiy and Lucas Beyer and Alexander Kolesnikov and Dirk Weissenborn and Xiaohua Zhai and Thomas Unterthiner and Mostafa Dehghani and Matthias Minderer and Georg Heigold and Sylvain Gelly and Jakob Uszkoreit and Neil Houlsby},
  journal={ArXiv},
  year={2021},
  volume={abs/2010.11929}
}

@inproceedings{MLPMixer,
  title={MLP-Mixer: An all-MLP Architecture for Vision},
  author={Ilya O. Tolstikhin and Neil Houlsby and Alexander Kolesnikov and Lucas Beyer and Xiaohua Zhai and Thomas Unterthiner and Jessica Yung and Daniel Keysers and Jakob Uszkoreit and Mario Lucic and Alexey Dosovitskiy},
  booktitle={NeurIPS},
  year={2021}
}

@article{Googlenet,
  title={Going deeper with convolutions},
  author={Christian Szegedy and Wei Liu and Yangqing Jia and Pierre Sermanet and Scott E. Reed and Dragomir Anguelov and D. Erhan and Vincent Vanhoucke and Andrew Rabinovich},
  journal={2015 IEEE Conference on Computer Vision and Pattern Recognition (CVPR)},
  year={2015},
  pages={1-9}
}

@article{VGG16,
  title={Very Deep Convolutional Networks for Large-Scale Image Recognition},
  author={Karen Simonyan and Andrew Zisserman},
  journal={CoRR},
  year={2015},
  volume={abs/1409.1556}
}

@article{Alexnet,
  title={ImageNet classification with deep convolutional neural networks},
  author={Alex Krizhevsky and Ilya Sutskever and Geoffrey E. Hinton},
  journal={Communications of the ACM},
  year={2012},
  volume={60},
  pages={84 - 90}
}

@article{ShuffleNet,
  title={ShuffleNet: An Extremely Efficient Convolutional Neural Network for Mobile Devices},
  author={Xiangyu Zhang and Xinyu Zhou and Mengxiao Lin and Jian Sun},
  journal={2018 IEEE/CVF Conference on Computer Vision and Pattern Recognition},
  year={2018},
  pages={6848-6856}
}

@article{inception,
  title={Going deeper with convolutions},
  author={Christian Szegedy and Wei Liu and Yangqing Jia and Pierre Sermanet and Scott E. Reed and Dragomir Anguelov and D. Erhan and Vincent Vanhoucke and Andrew Rabinovich},
  journal={2015 IEEE Conference on Computer Vision and Pattern Recognition (CVPR)},
  year={2015},
  pages={1-9}
}

@article{adv_inception,
  title={Adversarial Attacks and Defences Competition},
  author={Alexey Kurakin and Ian J. Goodfellow and Samy Bengio and Yinpeng Dong and Fangzhou Liao and Ming Liang and Tianyu Pang and Jun Zhu and Xiaolin Hu and Cihang Xie and Jianyu Wang and Zhishuai Zhang and Zhou Ren and Alan Loddon Yuille and Sangxia Huang and Yao Zhao and Yuzhe Zhao and Zhonglin Han and Junjiajia Long and Yerkebulan Berdibekov and Takuya Akiba and Seiya Tokui and Motoki Abe},
  journal={ArXiv},
  year={2018},
  volume={abs/1804.00097}
}

@article{ViT_21k,
  title={How to train your ViT? Data, Augmentation, and Regularization in Vision Transformers},
  author={Andreas Steiner and Alexander Kolesnikov and Xiaohua Zhai and Ross Wightman and Jakob Uszkoreit and Lucas Beyer},
  journal={ArXiv},
  year={2021},
  volume={abs/2106.10270}
}

% % % % % % % % % % % % % % % 

@inproceedings{CLIP,
  title={Learning Transferable Visual Models From Natural Language Supervision},
  author={Alec Radford and Jong Wook Kim and Chris Hallacy and Aditya Ramesh and Gabriel Goh and Sandhini Agarwal and Girish Sastry and Amanda Askell and Pamela Mishkin and Jack Clark and Gretchen Krueger and Ilya Sutskever},
  booktitle={ICML},
  year={2021}
}

@inproceedings{ALIGN,
  title={Scaling Up Visual and Vision-Language Representation Learning With Noisy Text Supervision},
  author={Chao Jia and Yinfei Yang and Ye Xia and Yi-Ting Chen and Zarana Parekh and Hieu Pham and Quoc V. Le and Yun-Hsuan Sung and Zhen Li and Tom Duerig},
  booktitle={ICML},
  year={2021}
}

@article{SimCLR,
  title={A Simple Framework for Contrastive Learning of Visual Representations},
  author={Ting Chen and Simon Kornblith and Mohammad Norouzi and Geoffrey E. Hinton},
  journal={ArXiv},
  year={2020},
  volume={abs/2002.05709}
}

@article{MoCo,
  title={Momentum Contrast for Unsupervised Visual Representation Learning},
  author={Kaiming He and Haoqi Fan and Yuxin Wu and Saining Xie and Ross B. Girshick},
  journal={2020 IEEE/CVF Conference on Computer Vision and Pattern Recognition (CVPR)},
  year={2020},
  pages={9726-9735}
}

@article{DINO,
  title={Emerging Properties in Self-Supervised Vision Transformers},
  author={Mathilde Caron and Hugo Touvron and Ishan Misra and Herv'e J'egou and Julien Mairal and Piotr Bojanowski and Armand Joulin},
  journal={2021 IEEE/CVF International Conference on Computer Vision (ICCV)},
  year={2021},
  pages={9630-9640}
}

@inproceedings{DeiT,
  title={Training data-efficient image transformers \& distillation through attention},
  author={Hugo Touvron and Matthieu Cord and Matthijs Douze and Francisco Massa and Alexandre Sablayrolles and Herv'e J'egou},
  booktitle={ICML},
  year={2021}
}

% % % % % % % % % % %  % % 

@article{foundationModels,
  title={On the Opportunities and Risks of Foundation Models},
  author={Rishi Bommasani and Drew A. Hudson and Ehsan Adeli and Russ Altman and Simran Arora and Sydney von Arx and Michael S. Bernstein and Jeannette Bohg and Antoine Bosselut and Emma Brunskill and Erik Brynjolfsson and S. Buch and Dallas Card and Rodrigo Castellon and Niladri S. Chatterji and Annie S. Chen and Kathleen A. Creel and Jared Davis and Dora Demszky and Chris Donahue and Moussa Doumbouya and Esin Durmus and Stefano Ermon and John Etchemendy and Kawin Ethayarajh and Li Fei-Fei and Chelsea Finn and Trevor Gale and Lauren E. Gillespie and Karan Goel and Noah D. Goodman and Shelby Grossman and Neel Guha and Tatsunori Hashimoto and Peter Henderson and John Hewitt and Daniel E. Ho and Jenny Hong and Kyle Hsu and Jing Huang and Thomas F. Icard and Saahil Jain and Dan Jurafsky and Pratyusha Kalluri and Siddharth Karamcheti and Geoff Keeling and Fereshte Khani and O. Khattab and Pang Wei Koh and Mark S. Krass and Ranjay Krishna and Rohith Kuditipudi and Ananya Kumar and Faisal Ladhak and Mina Lee and Tony Lee and Jure Leskovec and Isabelle Levent and Xiang Lisa Li and Xuechen Li and Tengyu Ma and Ali Malik and Christopher D. Manning and Suvir P. Mirchandani and Eric Mitchell and Zanele Munyikwa and Suraj Nair and Avanika Narayan and Deepak Narayanan and Benjamin Newman and Allen Nie and Juan Carlos Niebles and Hamed Nilforoshan and J. F. Nyarko and Giray Ogut and Laurel Orr and Isabel Papadimitriou and Joon Sung Park and Chris Piech and Eva Portelance and Christopher Potts and Aditi Raghunathan and Robert Reich and Hongyu Ren and Frieda Rong and Yusuf H. Roohani and Camilo Ruiz and Jack Ryan and Christopher R'e and Dorsa Sadigh and Shiori Sagawa and Keshav Santhanam and Andy Shih and Krishna Parasuram Srinivasan and Alex Tamkin and Rohan Taori and Armin W. Thomas and Florian Tram{\`e}r and Rose E. Wang and William Wang and Bohan Wu and Jiajun Wu and Yuhuai Wu and Sang Michael Xie and Michihiro Yasunaga and Jiaxuan You and Matei A. Zaharia and Michael Zhang and Tianyi Zhang and Xikun Zhang and Yuhui Zhang and Lucia Zheng and Kaitlyn Zhou and Percy Liang},
  journal={ArXiv},
  year={2021},
  volume={abs/2108.07258}
}

@article{Gavrikov2022CNNFD,
  title={CNN Filter DB: An Empirical Investigation of Trained Convolutional Filters},
  author={Paul Gavrikov and Janis Keuper},
  journal={ArXiv},
  year={2022},
  volume={abs/2203.15331}
}

@misc{timm,
  title = {Pytorch Image Models (timm)},
  howpublished = {\url{https://github.com/rwightman/pytorch-image-models}},
  note = {Accessed: 2022-06-01}
}

@article{Croce2021RobustBenchAS,
  title={RobustBench: a standardized adversarial robustness benchmark},
  author={Francesco Croce and Maksym Andriushchenko and Vikash Sehwag and Edoardo Debenedetti and Nicolas Flammarion and Mung Chiang and Prateek Mittal and Matthias Hein},
  journal={ArXiv},
  year={2021},
  volume={abs/2010.09670}
}

@article{RelNetwork,
  title={Learning to Compare: Relation Network for Few-Shot Learning},
  author={Flood Sung and Yongxin Yang and Li Zhang and Tao Xiang and Philip H. S. Torr and Timothy M. Hospedales},
  journal={2018 IEEE/CVF Conference on Computer Vision and Pattern Recognition},
  year={2018},
  pages={1199-1208}
}

@inproceedings{Eastwood2018AFF,
  title={A Framework for the Quantitative Evaluation of Disentangled Representations},
  author={Cian Eastwood and Christopher K. I. Williams},
  booktitle={ICLR},
  year={2018}
}

@article{Bengio2013RepresentationLA,
  title={Representation Learning: A Review and New Perspectives},
  author={Yoshua Bengio and Aaron C. Courville and Pascal Vincent},
  journal={IEEE Transactions on Pattern Analysis and Machine Intelligence},
  year={2013},
  volume={35},
  pages={1798-1828}
}

@article{Rahman2018AUA,
  title={A Unified Approach for Conventional Zero-Shot, Generalized Zero-Shot, and Few-Shot Learning},
  author={Shafin Rahman and Salman Hameed Khan and Fatih Murat Porikli},
  journal={IEEE Transactions on Image Processing},
  year={2018},
  volume={27},
  pages={5652-5667}
}

@article{Chen2018ZeroShotVR,
  title={Zero-Shot Visual Recognition Using Semantics-Preserving Adversarial Embedding Networks},
  author={Long Chen and Hanwang Zhang and Jun Xiao and W. Liu and Shih-Fu Chang},
  journal={2018 IEEE/CVF Conference on Computer Vision and Pattern Recognition},
  year={2018},
  pages={1043-1052}
}

@article{Zhang2017LearningAD,
  title={Learning a Deep Embedding Model for Zero-Shot Learning},
  author={Li Zhang and Tao Xiang and Shaogang Gong},
  journal={2017 IEEE Conference on Computer Vision and Pattern Recognition (CVPR)},
  year={2017},
  pages={3010-3019}
}

@article{Zhang2020TowardsED,
  title={Towards Effective Deep Embedding for Zero-Shot Learning},
  author={Lei Zhang and Peng Wang and Lingqiao Liu and Chunhua Shen and Wei Wei and Yanning Zhang and Anton van den Hengel},
  journal={IEEE Transactions on Circuits and Systems for Video Technology},
  year={2020},
  volume={30},
  pages={2843-2852}
}

@article{Singh2022FLAVAAF,
  title={FLAVA: A Foundational Language And Vision Alignment Model},
  author={Amanpreet Singh and Ronghang Hu and Vedanuj Goswami and Guillaume Couairon and Wojciech Galuba and Marcus Rohrbach and Douwe Kiela},
  journal={2022 IEEE/CVF Conference on Computer Vision and Pattern Recognition (CVPR)},
  year={2022},
  pages={15617-15629}
}

%%%%%%%%%%
%%%%%%%%%%

@InProceedings{Su_2022_CVPR,
    author    = {Su, Hongzu and Li, Jingjing and Chen, Zhi and Zhu, Lei and Lu, Ke},
    title     = {Distinguishing Unseen From Seen for Generalized Zero-Shot Learning},
    booktitle = {Proceedings of the IEEE/CVF Conference on Computer Vision and Pattern Recognition (CVPR)},
    month     = {June},
    year      = {2022},
    pages     = {7885-7894}
}

@InProceedings{Kong_2022_CVPR,
    author    = {Kong, Xia and Gao, Zuodong and Li, Xiaofan and Hong, Ming and Liu, Jun and Wang, Chengjie and Xie, Yuan and Qu, Yanyun},
    title     = {En-Compactness: Self-Distillation Embedding \& Contrastive Generation for Generalized Zero-Shot Learning},
    booktitle = {Proceedings of the IEEE/CVF Conference on Computer Vision and Pattern Recognition (CVPR)},
    month     = {June},
    year      = {2022},
    pages     = {9306-9315}
}

@article{Shen2020InvertibleZR,
  title={Invertible Zero-Shot Recognition Flows},
  author={Yuming Shen and Jie Qin and Lei Huang},
  journal={ArXiv},
  year={2020},
  volume={abs/2007.04873}
}

@ARTICLE{9724125,
  author={Kwon, Gukyeong and Regib, Ghassan Al},
  journal={IEEE Transactions on Image Processing}, 
  title={A Gating Model for Bias Calibration in Generalized Zero-shot Learning}, 
  year={2022},
  volume={},
  number={},
  pages={1-1},
  doi={10.1109/TIP.2022.3153138}}

@article{Vogel2022VLTabooAA,
  title={VL-Taboo: An Analysis of Attribute-based Zero-shot Capabilities of Vision-Language Models},
  author={Felix Vogel and Nina Shvetsova and Leonid Karlinsky and Hilde Kuehne},
  journal={ArXiv},
  year={2022},
  volume={abs/2209.06103}
}

@misc{openai_2022,
  title = {Clip Prompt Engineering for ImageNet},
  howpublished = {\url{https://github.com/openai/CLIP/blob/main/notebooks/Prompt_Engineering_for_ImageNet.ipynb}},
  note = {Accessed: 2022-06-01}
}